2872 5002
464 330 829 395 PROLEGOMENA.
1153 332 1219 392 lxvii

105 531 129 590 5.
148 515 255 578 Editio
274 520 350 593 1481
368 515 524 595 Calpurnii
569 516 667 577 Habet
687 515 832 576 Catullum
854 514 919 574 Tib.
936 514 1021 592 Prop.
1039 515 1109 575 Stat.
1125 516 1218 576 Siluas

70 631 182 690 quarum
212 625 285 692 post
307 616 439 675 ultimum
459 633 575 675 uersum
604 615 735 674 additum
757 623 802 672 est
825 613 865 671 .P.
890 612 1046 671 PAPINII
1076 613 1218 674 STATII

69 711 297 772 SYLVARVM
318 713 440 772 LIBER
462 712 650 772 VLTIMVS
672 710 869 771 EXPLICIT
892 711 1189 771 .M.CCCCLXXXI.

101 810 204 868 Actum
230 811 390 870 W'nccnieiu
405 822 456 887 per
476 812 645 887 magistrum
667 809 820 868 Iouannem
843 828 980 868 rmenscm
1004 810 1030 884 dr
1051 809 1218 880 Donysam

64 907 260 971 Benacum.

102 1005 183 1065 Tum
200 1005 326 1066 Carmen
340 1005 457 1065 Ioanm's
472 1006 647 1082 Calplrurm'i
660 1014 751 1082 poetae
766 1006 933 1067 Clartin'mi
942 1007 983 1064 ad
993 1004 1099 1064 Ioanne
1115 1005 1216 1064 luder·

65 1103 165 1162 dccliii
178 1103 321 1180 Pontifici
338 1102 369 1161 T
363 1104 489 1162 renone
503 1105 533 1161 de
546 1104 676 1163 laudibus
689 1105 748 1162 erin
762 1105 789 1178 d
803 1105 833 1162 de
854 1106 970 1162 interdu
987 1102 1075 1163 Beati
1092 1102 1215 1163 Simonis

64 1202 185 1279 &antri
198 1221 218 1260 a
232 1200 328 1260 Iudai
340 1204 460 1260 mactati.

102 1297 283 1375 Calpurnius
298 1298 335 1357 de
349 1316 402 1357 sua
415 1298 540 1358 editione
557 1299 629 1358 haec
646 1299 715 1357 dicit
730 1300 760 1357 in
774 1299 952 1374 praefatione
966 1299 1004 1357 ad
1024 1299 1214 1358 Hermolaum

63 1394 236 1468 Barbarum,
261 1414 294 1455 se
317 1414 384 1455 cum
405 1414 570 1472 percurrere
589 1397 733 1473 coepisset
759 1396 789 1455 id
812 1399 889 1473 opus
909 1397 989 1474 quod
1009 1397 1140 1455 Venetiis
1160 1398 1214 1455 im·

61 1511 198 1571 pressum
218 1494 379 1553 contineret
395 1492 542 1552 Catullum
558 1493 711 1553 Tibullum
733 1493 916 1570 Propertium
938 1501 963 1554 te
985 1494 1105 1570 Syluas:
1127 1495 1214 1570 idque

62 1600 106 1649 tot
126 1591 245 1650 mendis
265 1590 401 1650 refertum
423 1591 623 1669 deprendisset
652 1601 684 1650 ut
713 1591 802 1667 longe
831 1592 914 1668 plura
935 1601 1033 1650 esseut
1060 1592 1165 1650 uitiosa
1185 1602 1214 1650 et

62 1688 223 1766 deprauata
249 1707 340 1765 quam
368 1708 442 1767 quae
469 1692 633 1762 emendata,
663 1690 816 1751 confestim
852 1691 1026 1748 conuenisse
1057 1690 1214 1749 nonnullos

62 1787 255 1862 impressores
275 1797 304 1846 et
325 1803 377 1847 eos
398 1788 582 1847 cohortatum
603 1798 635 1846 ut
664 1789 767 1847 iterum
789 1789 819 1847 id
840 1806 916 1863 opus
946 1789 1135 1863 inprimerent
1161 1808 1214 1848 sua

62 1885 253 1944 correctione.
310 1884 401 1946 Posse
429 1887 514 1962 igitru
538 1887 652 1962 gloriari
681 1906 712 1946 se
737 1905 798 1945 non
826 1887 854 1945 id
882 1887 1054 1945 emendasse
1082 1887 1133 1945 sed
1155 1887 1213 1947 sere

62 1991 158 2042 toturn
187 1983 383 2062 exscripsisse.
427 1984 484 2043 Sed
510 1987 701 2060 impressores'
726 1986 895 2062 plerumque
916 1985 963 2043 uel
986 1986 1136 2044 inuertisse
1157 1988 1213 2063 syl·

61 2079 144 2140 labes
165 2090 217 2140 aut
238 2081 348 2158 aliquas
369 2083 501 2143 omisisse
522 2084 628 2142 litteras
650 2084 697 2142 uel
717 2084 862 2143 addidisse
883 2084 964 2159 quod
993 2083 1212 2160 relinquendum

61 2189 139 2238 esset
161 2179 236 2239 sicut
258 2198 295 2240 eo
322 2181 389 2240 loco
413 2181 518 2241 Catulli
542 2181 693 2258 famesque
714 2182 816 2240 mundi
837 2182 887 2239 ubi
914 2182 976 2257 ipse
1002 2179 1093 2239 Memi
1114 2200 1213 2241 emen·

62 2278 170 2350 desset,
190 2288 341 2356 utramque
363 2280 521 2339 dictionem
542 2281 730 2357 impressisse,
752 2289 780 2339 et
807 2281 837 2338 in
859 2298 895 2340 eo
915 2281 1043 2339 camnine
1064 2280 1213 2356 Deprendi

61 2376 154 2437 modo
175 2376 327 2454 pupullum
348 2378 473 2455 puellae,v
490 2378 641 2454 pupullum
662 2378 803 2449 omisisse,
823 2389 851 2438 et
872 2380 901 2438 in
922 2396 959 2437 eo
980 2395 1075 2448 uersu,
1090 2377 1212 2438 Diuerse

61 2477 162 2537 uariae
176 2476 240 2536 uiae
255 2484 412 2552 reportant,
427 2477 491 2535 uiae
506 2477 662 2553 reliquisse.

104 2635 133 2691 6.
153 2631 252 2693 Editio
277 2633 423 2693 Parthenii
448 2637 533 2706 1486.
580 2634 616 2692 In
637 2634 695 2693 fine
716 2634 804 2694 habet
825 2634 955 2695 Brona
975 2635 1143 2713 [inpressum
1160 2647 1213 2713 per

63 2727 205 2790 Bousirunr
231 2731 263 2789 dt
291 2731 412 2790 Bomini
438 2732 470 2790 dt
495 2731 628 2809 Ragustiz
656 2731 1023 2794 MCCCCLXXXVI.
1051 2733 1111 2794 XI.
1140 2733 1211 2796 Kal.

63 2824 174 2888 Marios.

105 2997 133 3058 7.
153 2984 251 3044 Editio
265 2985 383 3057 Palladii
402 3001 486 3061 1500.

104 3133 133 3190 8.
154 3131 253 3193 Editio
267 3133 428 3194 Alexandri
441 3134 571 3207 Guarini,
581 3135 712 3196 Venetiis
731 3151 816 3212 1521.
858 3137 955 3198 Huius
969 3140 1116 3219 exemplar
1130 3147 1210 3221 quod

62 3240 107 3289 est
127 3231 157 3288 in
177 3229 357 3294 Bibliotheca
380 3231 504 3310 Collegii
527 3233 675 3295 Trinitatis
695 3235 773 3311 apud
795 3234 1057 3314 Cantabrigienses‚
1080 3240 1119 3299 H.
1134 3243 1170 3301 A.
1186 3243 1208 3301 I.

61 3325 172 3388 Munro
186 3329 433 3390 commodandum
455 3330 525 3389 mihi
540 3341 568 3389 et
583 3332 794 3408 inspiciendum
810 3337 937 3396 curauit:
959 3337 1020 3413 ipse
1036 3348 1139 3414 postea
1152 3341 1210 3398 emi

61 3425 185 3486 alterum
199 3427 356 3506 exemplar,
370 3428 451 3506 quod
466 3428 535 3487 olim
550 3428 640 3488 iuerat
654 3429 687 3488 E.
703 3430 925 3491 Mitscherlichii.

103 3603 130 3658 9.
152 3583 250 3643 Editio
286 3584 419 3643 omnium
447 3585 535 3660 longe
563 3586 707 3645 rarissima
736 3587 909 3666 Hieronymi
935 3589 1052 3648 Auantii
1080 3591 1210 3652 Venetiis

60 3681 139 3739 circa
164 3695 353 3757 1534—1540,
368 3683 450 3741 cuius
464 3682 545 3759 quod
564 3683 684 3742 unicum
698 3686 821 3744 creditur
842 3697 938 3745 extare
956 3688 1104 3763 exemplar
1118 3690 1209 3765 copiis

61 3776 259 3837 Bibliothecae
274 3779 450 3839 Bodleianae
465 3798 543 3838 anno
562 3782 636 3855 1867
653 3783 782 3842 accessit.

102 3874 189 3934 Liber
203 3877 232 3934 in
248 3876 340 3935 fronte
355 3879 396 3936 sic
411 3878 569 3953 descriptus
589 3889 631 3937 est
646 3880 871 3952 CATVLLVS,
886 3881 1098 3954 TIBVLLVS,
1113 3882 1208 3943 PRO·

60 3970 247 4032 PERTIVS.
293 3973 455 4034 GALLVS
507 3975 733 4036 RESTITVTI
785 3979 864 4037 PER
915 3979 1207 4039 HIERONYMVM

60 4069 295 4142 AVANCIVM,
323 4071 553 4131 CARDINALI
582 4074 789 4136 FARNESIO
817 4076 1044 4137 DICANTVR.

223 4217 366 4278 Dictz'oms
380 4223 513 4295 emendate
526 4222 627 4281 habent
632 4226 745 4299 primas
759 4205 867 4283 litteras
881 4227 1053 4285 marissculas.

228 4314 308 4386 Quod
317 4317 352 4376 ob
365 4319 432 4376 alri's
438 4319 480 4395 fil
492 4322 522 4377 t'n
536 4322 693 4379 nominibus
706 4330 811 4380 lantum
821 4324 953 4399 propriis.

609 4437 626 4475 r
645 4438 658 4476 2
