2872 5002
487 378 716 439 CARMINVM
749 376 938 439 CATVLLI.
1232 384 1290 440 233

137 557 200 607 tem
223 546 354 623 legerent
375 544 423 605 uel
443 545 585 604 Alcaeum
610 546 688 605 notis
712 546 771 604 suis
792 546 824 604 in
845 546 982 623 strophas
1003 546 1141 623 digestos,
1156 556 1292 627 poterant

139 662 245 704 eorum
267 644 369 702 imitari
395 641 449 702 uel'
466 642 629 701 orationem
651 643 697 702 uel
719 662 867 714 numeros,
883 650 974 704 'notas
995 654 1024 704 et
1045 647 1130 722 signa
1151 655 1293 723 tanquam

138 744 263 802 minoris
283 741 518 819 praetermittere.
560 740 646 800 Certe
668 741 798 802 Naeuius
820 743 931 802 Punica
952 761 1005 802 sua
1022 762 1059 802 ne
1074 744 1104 803 in
1119 745 1207 804 libros
1229 745 1293 822 qui-

139 841 210 900 dem
225 842 375 911 distribuit,
391 840 517 899 seduno
536 840 685 899 uolumine
706 841 797 900 edidit
810 852 839 901 et
854 842 1016 901 continenti
1037 842 1177 919 scriptura
1186 862 1195 915 ;
1217 860 1293 919 quae

139 941 255 1018 primus
268 940 298 999 iu
313 949 425 1017 septem
438 939 527 997 libros
541 938 638 999 diuisit
652 938 686 999 C.
701 938 842 1000 Octauius
856 939 1029 1018 Lampadio,
1051 939 1144 1018 (Suet.
1160 940 1293 1001 Granum.

139 1038 197 1118 ΙΙ.)
223 1039 306 1098 Idem
321 1049 420 1097 tamen
435 1037 591 1099 Suetonius
606 1057 673 1098 cum
688 1037 796 1098 Craten
811 1037 954 1098 Malloteu
969 1039 1127 1099 Aristarchi
1140 1040 1294 1117 aequalem

140 1137 222 1197 dicat
244 1138 370 1197 studium
395 1137 601 1213 grammaticae
624 1138 655 1196 in
679 1139 782 1197 urbem
807 1138 937 1197 intulisse
960 1137 1088 1214 legatum
1112 1138 1234 1198 missum
1257 1137 1295 1197 ad

141 1246 277 1295 senatum
294 1237 331 1294 ab
350 1234 449 1293 Attalo
470 1253 538 1311 rege
559 1235 633 1294 inter
648 1235 809 1295 secuudum
831 1254 865 1296 ac
885 1235 1002 1296 tertium
1023 1236 1166 1295 Punicum
1187 1236 1296 1295 bellum

141 1336 201 1394 sub
214 1335 308 1412 ipsam
322 1333 402 1392 Enni
416 1343 538 1392 mortem
553 1333 603 1413 (A.
615 1333 647 1394 C.
665 1330 734 1413 168)
749 1345 778 1393 et
792 1353 860 1394 curu
875 1335 1028 1413 prolapsus
1043 1335 1074 1393 in
1087 1334 1206 1395 cloacae
1219 1334 1295 1394 sora·

142 1451 215 1491 men
236 1451 301 1491 crus
321 1431 461 1508 fregisset,
476 1450 529 1509 per
543 1449 631 1490 omne
653 1432 807 1508 legationis
829 1434 915 1493 simul
936 1442 965 1493 et
985 1431 1159 1491 ualetudinis
1180 1442 1296 1509 tempus

141 1531 281 1610 plurimas
309 1531 436 1590 acroasis
465 1531 588 1590 subinde
616 1531 719 1591 iecisse
747 1532 921 1609 assidueque
947 1531 1135 1604 disseruisse;
1171 1550 1206 1591 ac
1235 1530 1296 1591 Ro-

142 1630 240 1688 manis
263 1628 398 1705 exemplo
421 1627 510 1687 fuisse
532 1628 569 1686 ad
591 1629 785 1701 imitandum;
819 1629 960 1689 hacteuus
985 1637 1083 1687 tamen
1111 1628 1237 1688 imitatos
1265 1639 1298 1688 ut

143 1727 276 1786 carmina
303 1743 406 1802 parum
429 1725 525 1784 adhuc
550 1725 699 1803 diuulgata
718 1725 766 1784 uel
791 1725 995 1786 defunctorum
1023 1725 1184 1786 amicorum
1204 1727 1252 1786 uel
1272 1728 1297 1787 si

144 1843 272 1903 quorum
286 1824 407 1883 aliorum
424 1834 603 1895 tractassent,
619 1821 783 1900 diligentius
804 1834 990 1884 retractarent
1011 1842 1046 1883 ac
1066 1824 1193 1900 legendo
1214 1843 1296 1886 com·

143 1923 363 2000 mentandoque
393 1933 421 1982 et
445 1923 548 1981 ceteris
577 1934 648 1982 uota
676 1924 812 1995 iacerent,
842 1933 874 1982 ut
896 1922 930 1982 C.
955 1922 1112 1984 Octauium
1140 1921 1298 2000 Lampadi·

143 2039 235 2080 onem
260 2020 364 2080 Naeuii
386 2019 531 2078 Punicum
553 2019 676 2090 Bellum,
700 2031 731 2080 ut
756 2032 859 2098 postea
883 2019 921 2092 Q.
943 2019 1155 2097 Vargunteium
1177 2020 1298 2081 annales

143 2118 234 2190 Enni,
252 2128 283 2178 ct
301 2118 432 2178 Laelium
454 2117 638 2190 Archelaum,
659 2118 853 2196 Vectiumque
874 2119 1078 2179 Philocomum
1099 2117 1191 2177 Lucili
1213 2118 1297 2178 Satu-

144 2236 211 2290 ras;
233 2235 304 2277 mox
323 2218 491 2277 instruxisse
512 2218 551 2276 ab
571 2218 653 2276 omni
673 2230 755 2294 parte
775 2219 998 2295 grammaticam
1019 2214 1053 2274 L.
1069 2216 1185 2275 Aelium
1199 2216 1297 2276 Lanu·

144 2317 248 2376 uinum
262 2333 462 2392 generumque
476 2313 549 2373 Aelii
564 2313 711 2386 Clodium,
725 2314 848 2392 posthac
865 2315 960 2391 magis
974 2333 1009 2373 ac
1023 2313 1118 2390 magis
1133 2323 1161 2371 et
1175 2316 1297 2390 gratiam

145 2424 175 2473 et
190 2431 290 2473 curam
304 2414 372 2472 artis
386 2413 543 2472 increuisse
557 2421 589 2470 ut
610 2431 647 2472 ne
669 2413 818 2473 clarissimi
839 2413 958 2491 quidem
972 2411 1025 2469 uiri
1040 2411 1217 2469 abstinerent
1236 2430 1297 2489 quo
1339 2423 1353 2448 ⁰

146 2512 246 2570 minus
265 2520 294 2570 et
312 2511 366 2588 ipsi
388 2509 496 2588 aliquid
517 2508 554 2568 de
575 2528 611 2569 ea
631 2512 797 2582 scriberent,
811 2522 901 2588 utque
922 2509 1298 2586 temporibusquibusdam

147 2628 236 2687 super
257 2611 359 2686 uiginti
380 2609 509 2669 celebres
530 2609 628 2669 scolae
650 2607 738 2669 fuisse
761 2611 791 2668 in
812 2611 883 2669 urbe
904 2607 1092 2678 traderentur,
1114 2608 1206 2684 pretia
1226 2627 1298 2669 uero

145 2710 403 2787 grammaticorum
417 2717 498 2767 tanta
511 2707 719 2785 mercedesque
734 2720 793 2768 tarn
808 2728 933 2786 magnae
947 2719 979 2767 ut
993 2717 1137 2766 constaret
1150 2705 1298 2766 Lutatium

146 2807 336 2885 Daphnidem
358 2807 549 2884 septingentis
577 2807 692 2866 milibus
720 2826 844 2867 numum
867 2828 885 2868 a
907 2807 945 2879 Q.
971 2805 1076 2866 Catulo
1104 2816 1236 2883 emptum
1263 2824 1299 2866 ac

146 2905 231 2964 breui
250 2906 471 2975 manumissum,
493 2904 526 2964 L.
546 2905 703 2982 Apuleium
723 2908 761 2964 ab
781 2906 876 2967 Elicio
898 2905 1022 2966 Caluino
1043 2905 1139 2982 equite
1160 2903 1300 2964 Romano

148 3004 307 3081 praediuite
328 3005 535 3081 quadringenis
556 3005 660 3063 annuis
681 3005 863 3064 conductum
883 3006 990 3065 multos
1012 3003 1183 3063 edocuisse:
1205 3004 1300 3064 claros

149 3113 248 3161 autern
263 3103 443 3180 professores
457 3113 525 3162 ante
539 3100 644 3161 Catulli
659 3112 783 3162 aetatem
798 3114 942 3163 memoret
957 3100 1145 3172 Nicanorem,
1160 3101 1299 3179 Opilium,

150 3200 350 3277 Gniphonem,
372 3201 584 3271 Andronicum,
613 3200 757 3262 Orbilium
786 3200 940 3279 Pupillum,
965 3201 1084 3260 Ateium
1105 3200 1301 3277 Philologum,

149 3298 299 3357 Valerium
324 3298 478 3372 Catonem,
504 3297 673 3359 Cornelium
693 3298 868 3375 Epicadum,
891 3299 1055 3360 Staberium
1076 3299 1205 3369 Erotem,
1228 3297 1301 3357 Cur·
1339 3309 1344 3318 ’

149 3396 223 3455 tium
251 3396 375 3469 Niciam,
404 3396 563 3470 Lenaeum,
589 3416 626 3457 eo
651 3399 744 3474 magis
766 3397 876 3458 inclino
898 3409 929 3458 ut
953 3398 1070 3457 credam
1095 3406 1187 3456 totam
1214 3397 1302 3455 Alex·

149 3493 338 3553 andrinorum
374 3494 564 3572 disciplinam,
594 3497 667 3554 inter
694 3495 768 3555 haec
803 3506 890 3557 notas
920 3497 1064 3566 metricas,
1093 3493 1208 3554 Romae
1243 3495 1302 3554 iam

151 3592 303 3652 Ciceronis
317 3602 448 3671 tempore
463 3596 599 3671 uiguisse.
642 3593 721 3653 Nam
742 3595 820 3654 aliud
840 3614 935 3671 genus
956 3604 1100 3664 notarum,
1116 3603 1148 3650 ut
1161 3591 1302 3669 quidquid

150 3709 205 3768 pro
227 3691 365 3751 contione
390 3693 492 3750 autin
516 3692 629 3751 iudiciis
657 3693 799 3751 diceretur
820 3692 926 3751 librarii
955 3691 1113 3751 scriberent
1140 3689 1225 3748 simul
1255 3707 1301 3748 as·

151 3800 246 3848 tantes
260 3790 361 3848 drur'sti·
374 3790 447 3848 cister
458 3810 486 3849 se
496 3790 628 3867 partebus
641 3799 705 3865 quot
722 3793 835 3867 quisque
849 3791 934 3850 uerba
947 3796 1036 3866 eiquo
1057 3789 1151 3847 ordrire
1167 3790 1306 3863 exciperet

151 3889 210 3946 iam
224 3887 337 3947 Ennius
351 3889 517 3949 inuenerat:
540 3900 625 3948 notas
640 3900 737 3948 autem
752 3909 828 3966 quae
845 3891 934 3949 uerba
955 3890 1002 3948 uel
1023 3887 1147 3964 syllabas
1168 3886 1303 3963 praefixis

151 3987 365 4046 characteribus
380 3998 512 4046 notarent
527 3988 599 4046 Tiro
614 3988 765 4047 Ciceronis
784 3988 914 4046 librarius
936 3994 1149 4045 commentatus
1164 3993 1216 4054 est,
1231 4001 1302 4041 mox

152 4086 311 4162 Vipsanius
326 4084 510 4163 Philargyrus
531 4087 639 4164 Aquila
661 4086 773 4146 Seneca
794 4096 944 4145 auxerunt.
986 4083 1070 4160 lpsas
1091 4082 1152 4141 illas
1174 4082 1303 4140 Alexan·

152 4185 302 4243 driuorum
316 4194 401 4245 notas
414 4184 488 4243 XXI
502 4185 608 4263 quibus
626 4187 782 4244 utebantur
803 4187 833 4243 in
854 4182 1100 4243 commentatione
1121 4181 1304 4257 scriptorum,

151 4283 230 4343 idem
253 4283 409 4343 Suetonius
430 4285 498 4343 dicit
523 4285 553 4342 in
579 4285 817 4342 annotationibus
837 4283 915 4341 Enni
937 4280 1029 4340 Lucili
1051 4289 1080 4338 et
1101 4280 1304 4338 historicorum

152 4399 222 4442 usos
238 4381 326 4441 fuisse
341 4382 550 4458 Vargunteium
565 4383 740 4459 Aeliumque
760 4392 788 4440 et
807 4391 958 4459 postremo
980 4379 1116 4451 Probum,
1132 4396 1220 4456 quem
1241 4377 1304 4438 illas

156 4482 184 4539 in
196 4481 328 4557 Vergilio
343 4491 372 4540 et
386 4480 511 4541 Horatio
526 4491 555 4541 et
567 4481 702 4542 Lucretio
717 4481 890 4558 apposuisse
904 4489 936 4537 ut
949 4477 1083 4538 Homero
1095 4476 1302 4536 Aristarchum.
