2872 5002
236 332 264 389 vi
380 375 381 379 ,
629 330 996 394 PROLEGOMENA.

239 512 394 592 Hauptius‚
409 516 471 592 ipse
485 533 577 593 prope
591 514 772 592 Lugdunum
784 515 814 574 in
829 516 923 574 insula
939 515 1065 576 Sanctae
1078 516 1225 576 Barbarae
1239 535 1258 576 a
1278 515 1353 577 Sam

153 646 156 650 ι
236 615 313 673 zario
335 624 463 690 repertus
484 623 535 674 est
579 613 677 673 Huius
697 613 807 674 codicis
828 632 904 690 quae
926 615 1126 690 antiquissima
1145 633 1213 693 pars
1232 626 1277 675 est
1295 634 1355 675 mer

236 711 336 771 branis
364 721 489 772 constat.
505 711 694 788 undeuiginti,
718 721 751 770 ut
778 710 911 788 Hauptio
935 712 1049 772 uidetur
1073 714 1191 773 saeculo
1216 732 1301 773 nono
1328 732 1357 773 ut

236 809 426 870 inferioribus.
488 809 593 869 Insunt
625 810 754 868 carmina
788 809 959 881 Eucheriae,
993 810 1160 871 Halieutica
1191 811 1294 884 Ouidi,
1327 829 1359 889 ep

235 925 368 982 gramma
401 909 576 985 Apollinaris
611 908 735 981 Sidonii,
763 906 942 985 Cynegetica
976 908 1078 980 Gratii,
1107 908 1249 969 Martialis
1276 909 1361 988 aliqu

234 1006 454 1082 epigrammata
509 1005 638 1066 Carmen
670 1005 841 1078 Eucheriae,
871 1006 1043 1078 Halieutica,
1072 1005 1254 1084 Cynegetim
1281 1007 1363 1067 eoder

233 1104 337 1163 ordine
360 1123 392 1164 sc
413 1105 561 1181 excipiunt
583 1106 614 1162 in
635 1103 814 1163 Thuanaeo:
842 1106 922 1164 unde
943 1104 1091 1183 Hauptius
1112 1108 1259 1182 integrum
1279 1106 1365 1164 librar

235 1202 481 1262 Sannaaarianum
509 1202 612 1262 eadem
640 1221 708 1262 cum
735 1203 792 1263 hoc
825 1221 887 1262 non
921 1205 1066 1264 immerito
1094 1205 1210 1281 collegit
1237 1203 1367 1264 habuisse

234 1300 303 1378 Ipse
318 1301 497 1360 Thuanaeus
510 1300 581 1359 nihil
596 1301 714 1360 habeta
729 1300 842 1360 Gallico
862 1302 1001 1377 scriptore
1021 1302 1192 1379 proiectum.
1233 1301 1369 1378 Eugeniu

234 1400 321 1470 enim,
344 1399 426 1458 cuius
448 1399 590 1474 opuscula
611 1409 678 1475 post
702 1397 849 1458 quenalis
873 1400 983 1471 satiras,
1006 1401 1202 1461 intercedente
1223 1402 1371 1478 epitaphio

233 1497 289 1555 illic
310 1497 452 1573 leguntur,
469 1497 680 1556 Toletanorum
700 1498 731 1556 iu
752 1494 898 1573 Hispania
916 1497 1081 1575 Episcopus
1102 1499 1163 1558 furit.
1207 1497 1269 1558 Sed
1289 1497 1373 1575 Cyne

234 1595 352 1671 peticon
372 1594 541 1654 Nemesiani
561 1595 612 1672 qui
632 1613 708 1654 unus
728 1596 826 1655 multis
847 1596 970 1656 saeculis
990 1598 1174 1656 mentionem
1191 1597 1269 1669 iacit,
1290 1596 1375 1658 Hinc

233 1710 342 1763 marus,
365 1691 532 1769 Episcopus
556 1692 735 1763 Remensis¹,
760 1694 857 1752 hicet
880 1695 943 1770 ipse
968 1693 1069 1754 Gallus
1093 1694 1153 1766 fuit,
1176 1705 1299 1754 etcum
1321 1695 1377 1754 aliis

234 1791 330 1865 pueris
352 1809 388 1849 ea
408 1792 439 1848 in
460 1791 540 1850 scola
562 1791 670 1867 legerat
689 1790 812 1871 (Haupt.
833 1791 955 1864 Quaest
970 1791 1035 1852 Cat.
1056 1811 1085 1870 p.
1102 1791 1142 1869 3).
1183 1791 1249 1852 Nec
1273 1812 1291 1852 a
1313 1811 1379 1853 uera

234 1888 370 1946 abhorret
383 1888 523 1965 florilegia
536 1889 617 1961 haec,
633 1890 700 1949 dico
718 1890 806 1950 libros
822 1888 1018 1949 Thuanacum
1035 1901 1064 1949 et
1084 1890 1336 1950 Sannaaarianum
1353 1892 1381 1950 iu

233 2003 319 2043 usum
341 2004 498 2062 puerorum
518 1985 697 2046 Gallicorum
719 1987 826 2062 scripta
847 1986 960 2046 fuisset
1003 1987 1042 2045 Et
1062 1987 1242 2049 Thuanaeus
1264 1989 1383 2066 quidem

233 2082 294 2140 VII
313 2083 430 2142 saeculo
449 2084 546 2143 medio
560 2085 638 2160 prior
656 2102 718 2142 non
737 2093 833 2160 potest
852 2103 934 2156 esse;
960 2083 1112 2162 Eugenius
1131 2087 1211 2144 enim
1225 2088 1384 2164 episcopus

233 2182 287 2243 luit
310 2183 522 2241 Toletanorum
544 2183 621 2241 circa
640 2184 708 2255 650.
750 2180 809 2240 Sed
833 2181 903 2240 nihil
926 2181 995 2242 hinc
1017 2183 1198 2242 concluditur
1220 2184 1258 2243 de
1281 2186 1385 2245 codice

232 2283 311 2342 unde
326 2281 431 2341 Catulli
446 2299 472 2339 c.
487 2278 573 2338 LXII
587 2279 763 2357 descriptum
782 2289 835 2339 est.
878 2278 908 2338 Si
928 2298 999 2340 uero
1018 2291 1096 2341 recte
1117 2281 1154 2341 de
1173 2282 1262 2343 literis
1282 2282 1385 2344 Mero·

231 2380 356 2454 uingicis
370 2379 506 2449 diximus,
520 2379 545 2436 is
560 2377 677 2436 saeculo
692 2388 776 2437 sexto
790 2377 837 2436 uel
851 2379 977 2454 septimo
992 2380 1078 2438 scribi
1092 2381 1194 2456 potuit

272 2477 344 2537 Post
366 2476 512 2536 Isidorum
534 2475 741 2552 Hispalensem
762 2477 813 2551 qui
835 2495 860 2535 c.
877 2476 900 2535 1.
921 2496 975 2535 1-2
997 2476 1103 2538 Catulli
1122 2478 1204 2538 affert
1223 2480 1254 2538 in
1278 2478 1384 2557 origg.

232 2574 285 2633 Vl.
305 2595 350 2647 12,
365 2574 486 2634 sortasse
507 2592 544 2632 ex
566 2571 832 2632 Grammaticorum
853 2575 958 2651 aliquo,
974 2585 1003 2634 et
1024 2575 1133 2634 LXIV.
1148 2579 1196 2651 65,
1212 2595 1301 2653 quem
1318 2597 1383 2638 uer·

231 2691 298 2734 sum
325 2673 438 2733 Cinnae
465 2672 563 2732 tribuit
571 2671 591 2742 ³,
617 2672 785 2731 neminem*
813 2673 921 2733 scimus
942 2674 992 2751 qui
1020 2673 1167 2734 Catullum
1193 2674 1296 2752 legerit
1316 2686 1385 2736 ante

264 2896 272 2925 ¹
290 2897 326 2944 tid
336 2896 486 2943 Hincmarnm
494 2894 632 2956 Episcopum
641 2894 816 2943 Laudunensern
825 2909 876 2957 cap.
888 2908 920 2957 24
928 2895 1028 2958 (Haupt.
1036 2912 1060 2958 p.
1068 2911 1100 2959 4²
1109 2897 1186 2946 Gratii
1194 2907 1218 2946 et
1227 2899 1382 2963 Nemini).

233 2976 290 3026 Yat's
301 2977 496 3038 compilationibus
507 2977 601 3037 cossura
612 2975 635 3037 (l
645 2977 755 3038 metaris)
765 2987 787 3024 et
797 2978 855 3024 sicat
865 2979 911 3039 ipse
922 2979 1003 3025 dietas*
1016 2987 1163 3041 praepostero
1177 2981 1261 3029 ordine
1272 2982 1352 3045 paa'tr's
1362 2991 1384 3030 et

231 3075 350 3123 nunquam
360 3061 385 3105 in
396 3059 474 3106 eadem
488 3068 549 3105 stata
564 3058 705 3105 manenalrns
719 3059 788 3106 aliter
802 3061 935 3121 respondere
950 3075 996 3108 nan
1005 3063 1078 3121 potui.
1089 3061 1141 3118 nisi,
1153 3072 1179 3109 ut
1188 3066 1384 3126 morealmes

230 3141 305 3188 lustra
315 3150 427 3203 aptantes
437 3155 507 3205 agere
517 3139 599 3186 audita
610 3149 633 3186 et
642 3140 735 3186 lectione
742 3149 803 3201 puer
811 3142 923 3189 scalarira
931 3142 954 3188 in
962 3142 1023 3190 libro
1031 3145 1071 3206 qui
1082 3143 1216 3191 inscribitur
1224 3146 1383 3210 Kyargete'eaa

232 3222 431 3287 Carthaginiensis
441 3222 537 3270 Aurelii
549 3222 629 3277 didici,
640 3221 684 3268 ltae
699 3220 797 3285 alaeque
808 3224 957 3272 (termento
972 3227 1113 3289 retrograda
1129 3227 1198 3274 etiam
1208 3228 1311 3292 uestIgt'a
1321 3237 1384 3292 repe·

231 3308 306 3361 tendo,
317 3307 437 3367 anfractus
447 3313 497 3352 tuas
508 3305 644 3367 uestiganda
656 3304 772 3365 explicare
782 3307 912 3354 studerem:
929 3307 993 3369 quod
1004 3306 1082 3354 adnue
1097 3307 1155 3355 milri
1169 3309 1214 3356 erit
1229 3311 1384 3360 numanum

221 3391 305 3450 facere
320 3397 342 3435 et
356 3389 381 3435 in
397 3387 535 3449 eeptisama
549 3388 578 3434 de
593 3387 686 3448 inceptis
698 3387 790 3434 ratione
804 3396 827 3436 et
840 3389 866 3434 e'n
882 3389 1021 3436 ostendenda
1036 3390 1127 3437 raasalr'
1136 3391 1225 3438 actione
1236 3391 1266 3438 de
1276 3391 1314 3439 lte's
1325 3407 1384 3456 quae

230 3471 343 3518 adnaasti
358 3479 379 3518 et
391 3479 435 3532 pro
448 3469 529 3532 quidus
543 3469 586 3516 tibi
600 3477 622 3515 et
637 3468 746 3516 ecclesiae
760 3470 801 3518 tili
816 3472 950 3518 commissae
958 3472 1044 3532 scripsi,
1056 3482 1137 3520 watra
1148 3488 1207 3534 puae
1217 3473 1386 3538 inregulariter

228 3554 493 3616 subscriptionemque
508 3552 584 3614 potius
602 3559 668 3599 taam
684 3568 772 3599 nouam
788 3554 996 3615 praesumptionem
1015 3555 1096 3601 adiens
1115 3555 1178 3602 mille
1196 3556 1247 3602 uias
1266 3556 1385 3620 trismpue

229 3633 1385 3700 tabernaumwsqmcieosoecuripmttmrunaneerocortettmaoneamutire

229 3718 363 3781 compellar.

262 3799 273 3829 ¹
288 3802 375 3863 Haupt.
387 3801 484 3859 Quaest.
494 3799 579 3849 Catuli.
590 3811 614 3860 p.
626 3809 650 3860 3.

262 3882 272 3911 ⁸
288 3885 401 3944 Hauptius
414 3885 522 3944 (Quaest.
533 3883 618 3931 Catull.
630 3899 652 3945 p.
665 3883 709 3949 92)
721 3891 789 3945 putat
800 3882 914 3931 leidomm
925 3883 1043 3932 Catullum
1058 3885 1169 3947 respicere
1180 3883 1205 3931 iu
1215 3884 1274 3932 libro
1285 3885 1323 3933 Dr
1332 3885 1386 3946 ὒῇῑ

221 3966 330 4024 serentiis
341 3966 459 4013 Sermonis
469 3974 486 4012 t.
502 3965 530 4013 V.
537 3972 563 4025 p.
573 3963 605 4025 63
614 3967 684 4015 Area.
711 3967 813 4013 Sacrum
819 3967 866 4013 duo
874 3966 990 4029 signeficat
998 3975 1021 4012 et
1030 3965 1114 4014 bonam
1125 3975 1148 4014 et
1157 3966 1255 4014 malam.
1282 3967 1385 4022 Bonam,

230 4058 256 4094 ut
271 4046 333 4095 r'llud
349 4048 428 4095 ‘luter
439 4048 535 4095 flumine
552 4057 609 4094 nota
626 4057 651 4096 et
663 4049 734 4096 fontis
745 4063 821 4096 sacros
830 4048 849 4104 ;'
865 4049 956 4096 malam
966 4059 992 4095 rtt
1003 4050 1076 4096 ‘Auri
1087 4065 1150 4097 sacra
1161 4049 1247 4097 fames'
1257 4059 1280 4096 et
1289 4056 1296 4076 ⁰
1304 4050 1386 4098 Sacrae

228 4130 374 4189 ‘panduntur
384 4128 473 4190 portae'
485 4138 506 4176 et
517 4130 598 4177 ‘Leno
609 4130 686 4177 sacer'
696 4140 718 4177 et
729 4131 811 4178 ‘Sacer
822 4130 912 4178 hircus!
946 4131 983 4178 Cf.
996 4131 1049 4178 Cat.
1064 4131 1150 4179 LXXI.
1163 4130 1213 4178 tSr'
1224 4130 1286 4194 quai,
1303 4131 1383 4192 Vm,

229 4210 287 4257 bono
304 4226 369 4258 sacer
385 4211 480 4257 alarum
496 4211 582 4260 obstitit
597 4211 681 4263 daces.
715 4214 752 4261 Ad
770 4212 858 4278 Georg.
877 4213 907 4260 11.
928 4224 976 4276 395
994 4213 1026 4259 Et
1043 4214 1125 4260 dactus
1142 4227 1214 4260 m
1231 4213 1301 4260 uadit
1317 4228 1384 4262 saca·

229 4291 306 4339 lrircm
323 4294 356 4340 ad
372 4306 441 4340 aram
457 4304 518 4342 certe
535 4310 582 4342 non
598 4297 714 4357 pertinent
730 4305 756 4343 ut
773 4295 931 4343 Froehliclrins
945 4303 970 4342 et
983 4295 1116 4343 Schwabius
1127 4304 1225 4357 putant3
1243 4310 1307 4344 sacer
1318 4296 1382 4344 enim

228 4374 266 4421 hic
278 4383 311 4421 eet
323 4374 362 4434 qui
373 4375 397 4421 ia
409 4375 520 4424 acrifieio
528 4377 637 4426 caeditur.
673 4376 717 4426 seu
732 4379 801 4426 nimis
817 4379 905 4428 iaceas
921 4387 955 4427 eet
972 4380 1082 4441 scripture
1094 4393 1172 4427 uersus
1183 4377 1279 4436 Catulli,
1291 4379 1383 4428 codices
