2872 5002
583 351 843 417 CATVLLI

356 537 462 602 Arido
487 540 586 603 modo
609 541 739 622 pumice
762 538 972 620 expolitum?

179 802 236 848 r-4.
255 787 390 838 Ausonius
410 787 500 842 Praei.
519 788 616 857 Griphi
638 789 743 859 (Eidyl.
765 788 825 860 xl)
863 789 936 842 Dein
956 790 1081 854 cogitans
1102 803 1211 840 mecum
1233 801 1285 838 non

140 854 204 906 illud
224 856 406 910 Catulliauum
427 859 493 911 ‘Cui
519 860 593 913 dono
615 861 735 928 lepidum
757 877 859 914 nouum
884 859 1013 912 libellum'
1038 858 1087 911 sed
1111 858 1286 926 ἀμουσότερον

140 931 168 977 et
182 926 272 977 uerius
286 927 337 978 Cui
350 927 424 980 dono
437 929 575 996 illepidum
589 931 684 983 rudem
698 931 818 983 libellum
832 946 887 983 non
899 929 946 981 diu
958 929 1088 996 quaesiui.

178 995 253 1047 Idem
268 996 356 1051 Praei.
369 999 403 1050 ad
416 999 548 1052 Pacatum
565 1019 622 1054 1-2.
641 1002 709 1054 ‘Cui
722 1001 797 1054 dono
809 1001 930 1068 lepidum
943 1015 1046 1052 nouum
1059 998 1190 1051 libellum'
1200 997 1285 1049 Vero·

140 1065 229 1117 nensis
242 1068 281 1119 ait
292 1075 375 1135 poeta
387 1070 535 1136 quondam.

176 1182 362 1240 Terentianus
375 1186 489 1241 Maurus
504 1192 678 1254 2560-2568

387 1258 525 1327 Exemplis
542 1260 630 1312 tribus
647 1260 701 1312 hoc
718 1259 811 1312 statim
830 1258 957 1327 probabis

388 1328 472 1380 Docti
492 1331 613 1382 carmine
631 1346 701 1398 quae
719 1331 783 1396 legis
803 1329 902 1383 Catulli

387 1399 455 1450 ‘Cui
474 1399 549 1451 dono
566 1400 684 1468 lepidum
704 1416 806 1453 nouum
825 1399 953 1465 libellum,

386 1470 489 1521 ‘brido
506 1469 590 1522 modo
608 1472 716 1538 pumice
735 1470 885 1537 expolitum

387 1538 484 1592 ‘Meas
501 1555 560 1593 esse
577 1541 678 1608 aliquid
695 1548 793 1608 putare
811 1540 909 1606 nugas’

387 1611 465 1678 Quos
477 1610 532 1662 dixi
551 1610 634 1663 modo
653 1611 705 1662 iam
724 1610 807 1678 pedes
825 1610 951 1663 uidemus

386 1679 519 1731 Diuersus
536 1681 618 1747 capiti
637 1682 720 1732 trium
738 1681 842 1732 locatos

386 1749 532 1815 Spondeon
551 1752 559 1778 ‘
569 1751 612 1802 cui
629 1750 683 1814 do‚'
702 1750 853 1803 trochaeon
874 1749 944 1802 ‘ari’

387 1818 499 1871 ‘Meas'
518 1821 578 1887 quis
596 1827 678 1886 neget
697 1820 769 1872 hunc
789 1819 898 1872 iambon
917 1821 992 1873 ossei

175 1883 280 1938 illarius
297 1886 454 1940 Victorinus
474 1893 541 1954 259⁶
562 1890 593 1943 P.
630 1890 748 1957 Quidam
768 1896 796 1942 et
814 1889 975 1942 trochaeum
992 1895 1022 1941 et
1034 1887 1155 1941 iambum
1173 1903 1206 1942 ea
1219 1887 1287 1942 sede

139 1955 286 2008 collocasse
299 1958 488 2024 reperiuntur:
509 1960 581 2012 iuter
599 1976 668 2028 quos
684 1968 713 2013 et
727 1960 850 2013 Catullus
866 1966 908 2012 est
920 1958 971 2012 sub
986 1957 1119 2028 exemplis
1130 1958 1286 2012 huiusmodi

452 2030 720 2097 ‘Cui—expolitum'
740 2029 972 2096 ‘Meas-nugas!

174 2095 273 2147 Atilius
289 2095 500 2151 Fortunatianus
519 2103 586 2162 2676
605 2100 636 2153 P.
655 2105 712 2165 318,
728 2099 876 2166 319Gaisi.
913 2099 985 2152 Nam
999 2105 1029 2152 et
1045 2098 1288 2167 hendecasyllabis

138 2180 222 2232 quem
244 2165 411 2232 phalaecium
432 2185 563 2222 uocamus
581 2170 652 2238 apud
668 2171 796 2238 antiquos
816 2175 942 2223 auctores
960 2169 1059 2222 eodem
1076 2169 1162 2222 modo
1180 2168 1287 2222 solebat

139 2235 258 2301 incipere
269 2236 331 2289 alias
340 2254 356 2289 a
365 2239 503 2305 spondaeo
512 2241 576 2293 alias
588 2241 622 2293 ab
632 2240 749 2293 iambico
761 2240 824 2292 alias
833 2256 849 2292 a
859 2239 1006 2305 trochaeo;
1021 2246 1053 2292 ut
1062 2239 1134 2306 apud
1145 2239 1286 2292 Catullum

137 2304 376 2374 hendecasyllabus
397 2324 413 2361 a
435 2310 582 2376 spondaeo,
604 2311 718 2363 ‘Passer
737 2310 850 2363 deliciae
872 2326 950 2363 meae
970 2309 1093 2378 puellae,’
1115 2325 1132 2361 a
1151 2309 1287 2362 trochaeo

139 2375 241 2427 ‘Arido
253 2375 351 2444 (Arida
369 2380 520 2448 Putschius)
535 2382 618 2433 modo
637 2381 744 2448 pumice
763 2380 931 2447 expolitumt
944 2379 979 2432 ab
997 2378 1089 2432 iambo
1108 2378 1207 2431 ‘Meas
1225 2395 1285 2432 esse

138 2446 253 2514 ‘aliquid
276 2455 373 2515 putare
394 2452 495 2516 nugas)
532 2452 612 2522 Qae
631 2451 723 2503 omnia
746 2466 847 2515 genera
870 2448 1086 2517 hendecasyllabi
1111 2449 1235 2502 Catullus
1255 2455 1287 2502 et

139 2516 247 2583 Sappho
260 2524 288 2570 et
300 2520 474 2572 Anacreonta
486 2527 514 2573 et
527 2522 593 2573 alios
606 2527 731 2574 auctores
740 2527 850 2573 secutus
863 2535 917 2572 non
929 2527 1060 2588 tanquam
1072 2519 1173 2572 uitiosa
1185 2519 1286 2572 uitauit

137 2587 335 2656 sed-tanquam
357 2589 476 2654 legitima
499 2592 621 2645 inseruit.
659 2590 700 2643 ld.
722 2606 789 2653 2702
812 2590 844 2641 P:
865 2593 914 2655 356
933 2591 968 2642 G.
1006 2588 1082 2642 Talis
1101 2595 1145 2642 est
1166 2605 1229 2656 pars
1250 2605 1286 2642 ex

139 2657 293 2709 Catulliano
305 2657 529 2726 hendecasyllabo
543 2661 666 2714 detracta
679 2662 770 2728 priore
782 2667 861 2729 parte
875 2661 1000 2728 ‘pumice
1012 2659 1184 2727 expolitum!

140 2727 264 2848 ‘AsciiOL
278 2729 427 2783 Veronens.
439 2732 466 2782 in
479 2730 562 2797 Verg.
573 2732 631 2785 Ecl.
644 2731 694 2784 Vl.
711 2749 733 2784 1.
742 2747 769 2800 p.
781 2748 813 2796 73
826 2729 896 2784 Keil.
921 2730 972 2782 Vel
982 2729 1148 2783 Veronensis
1161 2729 1285 2782 Catullus

183 2814 205 2849 ri
226 2814 316 2849 o-nu
351 2800 381 2851 s.'

175 2866 295 2918 Isidorus
308 2815 400 2934 (iiigg.
413 2870 462 2922 Vl.
479 2888 519 2924 η.
535 2888 547 2935 3
563 2871 763 2924 circumcidisse
779 2870 862 2923 libros
879 2869 983 2922 Siciliae
998 2869 1118 2938 primum
1130 2867 1284 2922 increbuit:

139 2952 201 2987 nam
215 2937 304 3002 primo
316 2939 532 3004 pumicabantur.
569 2941 651 2993 Unde
664 2948 693 2993 et
706 2941 828 2993 Catullus
840 2941 894 2994 ait:
912 2939 1188 3007 ‘Cui-expolitum!

174 3006 364 3072 Pastrengicus
382 3008 417 3061 de
432 3011 524 3076 Origg.
539 3010 643 3063 Rerum
658 3008 710 3062 88b
748 3011 829 3063 Siculi
847 3012 930 3063 libros
947 3010 1066 3079 primum
1084 3008 1283 3062 circumcidere

138 3082 289 3142 coeperunt
307 3092 370 3129 cum
388 3086 452 3132 ante
470 3081 682 3147 pumicarentur‚
700 3081 735 3134 de
755 3097 811 3149 quo
833 3081 954 3133 Catullus
976 3080 1047 3147 ‘Qui
1068 3080 1143 3132 dono
1161 3079 1282 3147 lepidum

140 3147 258 3197 ‘nouum
272 3147 390 3200 libellum
422 3151 519 3203 hrrida
530 3152 615 3204 modo
628 3151 747 3204 Punicae
759 3151 927 3220 expolitum!
951 3151 1037 3203 idem.
1050 3148 1092 3219 (b.
1101 3164 1127 3203 e.
1139 3147 1283 3216 isidorus).

176 3354 199 3389 2·
224 3345 310 3397 :iricio
341 3336 382 3390 uel
402 3347 494 3400 arrido
576 3339 651 3391 Codd.
669 3358 760 3404 omnes,
778 3342 900 3408 interpres
920 3338 1062 3392 Veronensis
1079 3339 1117 3391 od
1134 3337 1208 3404 Verg-
1226 3334 1283 3388 Ecl.

140 3409 183 3460 VI.
198 3425 220 3470 1,
230 3408 343 3459 Isidorus
353 3408 444 3476 Origg.
454 3409 497 3459 VJ.
511 3425 550 3470 ra,
562 3411 701 3462 Terention.
711 3412 801 3463 Maur.
813 3427 826 3460 a
831 3413 890 3474 563,
900 3410 974 3462 Mar.
986 3409 1126 3462 Victorinus
1130 3419 1159 3475 p.
1171 3406 1239 3470 2596
1250 3409 1282 3458 P.

138 3478 222 3529 Arida
241 3479 338 3528 Atilius
359 3478 555 3531 Fortunationus
570 3491 597 3547 p.
612 3482 734 3545 267612„
752 3483 932 3548 Postrengicus
950 3481 980 3531 de
997 3479 1089 3546 Origg.
1102 3477 1161 3529 Rer.
1179 3472 1235 3527 88i’
1249 3496 1281 3529 ex

138 3550 243 3612 Isidoro,
268 3567 360 3616 nrargo
384 3549 417 3613 Η,
439 3550 480 3602 ubi
504 3551 624 3602 recentior
647 3569 738 3603 monus
762 3553 864 3619 scripsit
888 3550 904 3577 “
914 3548 997 3600 Arida
1017 3547 1125 3616 pumice
1150 3547 1281 3615 legendum

138 3620 245 3671 “censeo
258 3619 364 3686 Narque
377 3620 441 3670 hrorc
459 3621 539 3671 locum
559 3621 660 3672 Seruius
677 3622 788 3684 adducit,
800 3623 883 3688 aitque
901 3619 1029 3672 Catullum
1036 3619 1176 3684 foeminino
1190 3635 1282 3685 genere

137 3688 320 3757 “protulisse'’
358 3690 439 3742 Verbo
460 3691 541 3741 Seruii
564 3691 625 3742 hoec
646 3703 712 3755 sunt,
732 3692 769 3743 ad
789 3694 854 3743 Aen.
876 3691 942 3743 XII.
964 3695 1025 3753 587,
1046 3687 1205 3741 ‘Pumicem
1230 3687 1281 3738 iste

138 3758 303 3811 ‘masculino
321 3774 421 3824 genere
440 3760 530 3826 posuit
548 3767 576 3811 et
595 3759 667 3812 hunc
685 3761 832 3828 sequimur.
869 3759 941 3812 Nam
959 3765 989 3811 et
1007 3759 1118 3811 Plautus
1136 3758 1175 3809 ita
1192 3755 1281 3821 dixit;

136 3829 219 3880 ‘licet
245 3829 366 3880 Catullus
388 3827 487 3880 dixerit
511 3829 661 3883 feminino?
706 3833 750 3883 Ex
771 3833 815 3883 hoc
840 3833 922 3883 Seruii
942 3829 993 3883 Ioco
1017 3830 1194 3882 Lachmannus
1214 3826 1282 3880 docet

137 3901 216 3952 Italos
236 3898 311 3950 arida
325 3902 351 3949 in
364 3900 494 3952 Catullum
511 3899 631 3952 intulisse.
704 3901 753 3953 Sed
770 3902 812 3954 ubi
824 3904 1014 3969 Postrengicus‚
1027 3902 1068 3967 qui
1086 3901 1152 3950 uixit
1165 3918 1192 3950 a.
1213 3912 1279 3962 1¹9⁵

136 3972 252 4033 -1360‚
264 3968 340 4020 arida
352 3972 464 4022 inuenit?
514 3971 572 4021 Non
584 3974 610 4023 in
623 3972 726 4036 Isidoro,
739 3974 788 4024 nisi
790 3974 866 4038 fhrte
877 3971 936 4024 odiis
949 3971 1070 4023 codicibus
1083 3987 1142 4021 usus
1154 3979 1192 4021 est
1203 3985 1281 4035 quam

135 4040 222 4106 quibus
241 4058 305 4091 nunc
324 4042 427 4092 utimur.
464 4040 500 4092 Hi
515 4044 581 4092 enim
600 4043 693 4094 habent
714 4043 766 4106 cui,
789 4041 881 4107 arido;
906 4043 1086 4109 Postrengicus
1106 4037 1162 4106 qui,
1182 4036 1281 4091 arrida.

136 4111 224 4176 ltaque
247 4112 301 4161 iure
324 4110 450 4178 Hauptius
475 4111 597 4164 contendit
626 4115 819 4180 Postrengicum
850 4113 930 4164 locum
955 4112 1047 4163 Isidori
1070 4109 1201 4162 contulisse
1224 4125 1281 4159 cum

134 4199 179 4232 suo
198 4179 294 4231 Catulli
311 4179 408 4247 codice;
432 4179 502 4249 (uide
519 4179 634 4250 Proieg.)
653 4202 715 4235 nom
735 4193 760 4235 et
782 4182 828 4249 qui
846 4193 871 4235 et
889 4182 988 4249 punice
1005 4183 1083 4235 etiam
1102 4197 1166 4232 nunc
1184 4180 1280 4247 reperi·

136 4261 213 4301 untur
224 4252 250 4302 in
269 4250 306 4302 D.
360 4251 408 4303 Sed
423 4270 506 4304 ornnes
525 4252 621 4305 catulli
639 4253 729 4305 codices
747 4264 805 4320 quot
822 4264 927 4305 exstant
944 4252 1037 4304 habent
1054 4248 1232 4314 adductum
1251 4247 1281 4300 D

135 4338 289 4388 quamquam
301 4320 337 4373 ibi
348 4336 365 4373 o
377 4323 416 4375 ita
430 4325 526 4392 scripta
543 4334 581 4376 est
599 4333 628 4377 ut
645 4325 748 4391 specr'em
766 4323 856 4377 literae
867 4335 957 4392 aprae
967 4341 994 4374 se
998 4322 1085 4389 ferat.
1097 4321 1132 4386 of.
1145 4315 1281 4372 Froehniri

135 4432 258 4499 Specimen
271 4432 297 4483 in
310 4431 438 4503 Philologo
450 4434 525 4488 XIV.
561 4436 698 4503 Postreng.
710 4437 790 4504 igitur
802 4446 849 4488 out
861 4437 887 4487 in
900 4453 944 4487 suo
956 4435 1034 4487 codice
1046 4433 1141 4486 inuenit
1152 4395 1228 4484 aridi
1240 4428 1282 4482 uei
