2872 5002
424 298 654 359 CARMINVM
683 300 871 360 CATVLLI.
1160 301 1219 357 289

70 480 98 539 5,
122 464 152 543 6)
183 466 217 524 Vl
236 468 286 523 iste
313 484 410 524 uersus
431 486 515 541 usque
536 486 641 542 quaque
661 470 782 544 pertinet
803 467 895 526 Gener
919 484 1042 542 socerque
1055 464 1222 541 perdidistis

68 568 169 637 omnio,
184 564 262 623 unde
277 574 380 623 notum
394 565 483 624 fuisse
498 567 617 642 colligas
625 586 633 638 ;
656 568 753 626 notior
767 576 864 625 autern
879 565 990 624 iuturus
1005 572 1065 623 erat
1079 565 1103 622 si
1118 563 1148 621 in
1163 561 1221 621 fine

69 665 205 723 carminis
219 663 369 739 legeretur.
413 663 515 743 Itaque
535 666 644 724 omissa
657 666 713 724 hac
731 684 807 739 cura,
822 665 975 725 uideamus
989 680 1078 740 quam
1092 662 1222 738 partitio-

68 780 137 819 nem
167 763 290 838 patiatur
314 780 433 821 carmen
453 774 485 821 ut
513 781 530 820 a
559 763 710 823 codicibus
738 764 914 840 accepimus.
956 762 1100 820 Videmus
1124 771 1222 818 autem

68 861 159 935 repeti
181 859 252 919 baec
274 862 428 936 impudicus
448 867 474 918 ei
494 881 591 920 uorax
611 868 638 918 el
655 863 713 920 aleo
733 861 774 941 (a,
794 864 853 935 ιο),
876 860 995 922 Cinaede
1016 857 1136 915 Romule
1156 859 1241 922 haec,

69 959 172 1016 uidebis
192 961 307 1035 elstret
329 959 369 1036 (5,
394 957 434 1036 9),
456 958 534 1017 Eone
554 961 660 1018 nemim
682 959 742 1040 (ιι,
768 963 829 1035 22).
884 959 931 1018 Ex
951 959 997 1017 his
1019 957 1096 1015 Eone
1117 958 1223 1015 nemim

69 1075 178 1115 nouam
194 1057 379 1133 partitionem
394 1055 508 1114 uidetur
523 1057 667 1124 inducere,
682 1058 771 1135 idque
786 1058 925 1117 conuenit
939 1057 969 1114 in
983 1075 1011 1114 u.
1025 1074 1061 1114 10
1076 1055 1120 1113 Es
1134 1057 1222 1131 inpu-

68 1157 146 1212 dicus
165 1163 191 1212 e!
206 1175 302 1213 uorax
321 1162 348 1212 e!
363 1155 428 1226 aleo,
444 1173 504 1232 quo
525 1166 593 1231 post
607 1166 650 1215 tot
665 1157 907 1232 interrogationes
928 1155 998 1214 satis
1013 1154 1144 1212 animose
1160 1153 1223 1229 ipsc

69 1253 126 1311 sibi
153 1253 311 1328 respondet
333 1263 427 1328 poeta.
471 1251 524 1310 Est
550 1253 635 1329 igitur
663 1253 780 1312 ultimus
809 1254 946 1329 strophae
974 1251 1021 1311 hic
1046 1267 1147 1310 uersus
1176 1267 1222 1307 10.

70 1350 161 1409 Hunc
183 1350 329 1427 praecedit
346 1348 466 1408 Cinaede
480 1349 599 1408 Romule
619 1351 685 1409 haee
702 1351 806 1411 uriiebt‘s
819 1354 956 1430 etserese
977 1368 1065 1428 quem
1085 1356 1171 1408 antea
1193 1347 1222 1404 in

69 1468 98 1507 u.
123 1464 140 1522 5
168 1458 315 1525 posuerat.
368 1448 432 1506 Iam
458 1447 487 1505 hi
510 1468 613 1508 uersus
635 1447 714 1527 (dico
737 1465 765 1524 5,
788 1448 820 1527 9)
841 1460 1046 1526 repetuntume
1067 1448 1097 1506 in
1118 1445 1222 1505 eadem

70 1547 189 1622 stropha
206 1565 243 1604 an
265 1547 336 1605 alter
357 1547 387 1604 in
409 1548 517 1606 altera?
559 1547 770 1606 Distinctiones
792 1549 958 1625 sequimur;
982 1556 1052 1606 sunt
1073 1554 1170 1604 autem
1191 1542 1222 1600 in

74 1663 151 1703 1-10
171 1645 226 1704 hae
246 1663 360 1720 4‚1,3‚
381 1663 404 1717 1,
426 1663 449 1716 r,
464 1645 494 1702 in
513 1662 610 1702 11-20
632 1645 686 1704 hae
710 1664 757 1717 41,
776 1665 843 1721 131.
886 1646 960 1704 Sunt
980 1645 1066 1721 igitur
1088 1651 1223 1720 quattuor

69 1749 204 1816 περικοπαὶ
225 1754 433 1820 quaternorum
457 1761 596 1802 uersuum
618 1745 724 1820 quibus
746 1745 886 1804 subicitur
900 1761 976 1802 unus
998 1740 1029 1819 (4
1046 1753 1108 1813 41,
1125 1760 1141 1812 4
1159 1751 1222 1810 41,

70 1861 91 1912 4
106 1860 133 1907 ψ
146 1861 170 1912 1,
187 1863 203 1913 4
219 1839 295 1918 ÷1),
313 1853 342 1900 et
363 1841 440 1900 hanc
461 1859 596 1900 normam
618 1843 789 1903 nobilissimi
811 1843 948 1903 carminis
969 1841 1055 1913 faci0,
1070 1850 1102 1898 ut
1122 1856 1223 1898 uersus

69 1940 117 1999 ille
135 1939 254 1999 Cinaede
267 1939 386 1998 Romule
399 1941 466 1998 haee
480 1941 585 1998 uriiebr's
604 1943 739 2020 etserese
759 1942 871 2018 primae
892 1939 1031 2017 strophae
1045 1938 1162 1997 ultimus
1177 1938 1223 2008 sit,

70 2048 190 2113 quartus
205 2038 358 2097 secundae.
402 2038 474 2097 Post
488 2057 515 2096 u.
535 2057 572 2097 20
592 2041 721 2116 sequitur
735 2041 853 2100 demum
874 2040 911 2099 ad
926 2038 1102 2115 Pompeium
1116 2035 1223 2095 Caesa·

70 2155 192 2213 remque
217 2139 380 2207 conuersio,
401 2147 434 2196 ut
455 2156 490 2196 ex
520 2138 620 2215 plurali
631 2141 741 2216 fauetis
762 2141 951 2217 intellegitur3
984 2139 1060 2197 hanc
1086 2145 1223 2214 quattuor

71 2236 202 2294 uersibus
217 2237 338 2307 inclusit,
354 2253 415 2311 quo
434 2253 557 2296 numero
572 2238 625 2296 sed
644 2238 759 2299 adiecto
779 2256 840 2298 uno
855 2257 941 2298 uersu
960 2249 1069 2297 ceteras
1089 2234 1223 2310 strophas

71 2334 243 2410 complexus
258 2344 311 2393 est.
353 2334 457 2409 Itaque
475 2344 569 2392 totum
591 2336 632 2395 sic
652 2336 752 2395 diuido
768 2348 843 2408 4÷1
863 2347 916 2409 4÷
928 2356 952 2409 r,
967 2346 1043 2407 4÷1
1062 2341 1222 2405 4÷1,÷4.

72 2432 163 2504 Quod
178 2436 267 2504 σχῆμα
281 2433 322 2490 sic
342 2442 373 2489 ut
392 2449 409 2489 a
424 2450 472 2490 me
487 2442 633 2507 repertum
653 2443 705 2504 est,
720 2435 798 2493 idem
812 2435 960 2511 placuerat
975 2433 1112 2493 Richtero
1127 2429 1223 2488 West-

71 2530 245 2608 phalioque;
268 2546 436 2606 quanquam
457 2539 578 2605 uterque
597 2548 634 2589 eo
649 2533 747 2607 potius
769 2534 882 2592 uidetur
903 2532 1086 2612 propendere
1101 2538 1133 2588 ut
1147 2528 1223 2587 exis·

71 2640 164 2687 tumet
178 2647 293 2688 uersum
309 2637 377 2704 post
393 2647 429 2685 22
446 2628 565 2703 periisse
575 2648 583 2702 ;
603 2647 664 2705 quo
684 2630 761 2690 sacto
783 2635 878 2690 t'otum
897 2650 935 2691 ex
953 2633 1082 2707 quinque
1097 2627 1224 2704 strophis

71 2739 207 2788 constare
223 2728 379 2804 quinorum
394 2724 538 2804 (Westph.
552 2745 581 2803 p.
598 2727 677 2806 272).
714 2728 858 2788 Frankius
872 2748 933 2788 rem
948 2728 1061 2804 reliquit
1074 2728 1221 2785 incertam.
1316 2750 1321 2758 ·

113 2826 210 2885 Venio
228 2825 265 2883 ad
283 2824 352 2883 illud
373 2823 454 2900 quod
475 2842 566 2882 unum
586 2834 630 2884 est
650 2828 775 2884 ἐπωδικόν
791 2828 916 2904 proprie,
931 2826 1025 2884 XLV.
1067 2824 1136 2884 Hoc
1151 2823 1224 2882 Rib-

71 2924 194 2983 beckius
208 2925 250 2983 sic
265 2922 417 2983 ordinauit.

362 3090 449 3146 7.a
493 3117 499 3129 .
545 3088 632 3146 7.2
714 3093 942 3134 2.2.2.2

363 3151 938 3223 Qt-:A

70 3326 199 3403 priorem
213 3326 292 3383 enim
308 3325 458 3401 stropham
481 3324 614 3401 Septimii
631 3344 773 3401 amorem,
788 3327 908 3387 alteram
924 3329 1033 3387 Acmes
1055 3328 1224 3404 depingere,

70 3424 184 3499 utrique
214 3423 353 3481 subnexis
373 3433 513 3499 tanquam
535 3426 651 3499 ἐφυμνίφ
673 3425 788 3486 duobus
816 3426 956 3498 uersibus,
979 3426 1085 3504 quibus
1106 3424 1224 3484 Amoris

71 3538 162 3579 omen
177 3520 300 3579 fauentis
322 3519 514 3596 significetur;
538 3522 587 3598 qui
603 3533 701 3580 autem
717 3534 873 3599 sequantur
886 3542 996 3595 uersus,
1010 3524 1113 3582 horum
1129 3522 1223 3599 primo

72 3638 106 3678 ac
122 3632 225 3697 quarto
237 3618 360 3678 disticho
370 3620 524 3677 amborum
539 3621 699 3679 amantium
710 3621 890 3696 felicitatem
913 3622 1044 3681 secundo
1059 3621 1224 3695 singillatim

73 3717 214 3793 Septimii,
230 3717 313 3775 tertio
324 3718 433 3776 Acmes
454 3717 584 3777 describi.
629 3718 664 3776 Id
678 3719 875 3779 Ribbeckium
889 3739 957 3779 uere
971 3718 1154 3796 perspexisse
1169 3736 1224 3778 nec

72 3814 228 3874 Richterus
252 3833 307 3874 nec
329 3800 472 3874 Frankius
493 3834 548 3875 nec
572 3816 784 3893 Westphalius¹
810 3820 959 3890 dubitauit,
981 3836 1036 3877 nec
1057 3835 1225 3894 quenquam

71 3913 161 3972 credo
183 3912 381 3971 dubitaturum
402 3913 452 3989 qui
473 3931 591 3971 carmen
612 3917 749 3975 attentius
770 3917 944 3994 inspexerit:
974 3914 1042 3973 illud
1064 3914 1164 3972 nescio
1186 3933 1225 3972 an

72 4013 134 4069 iure
160 4010 278 4069 fecerim
307 4022 338 4068 ut
363 4012 490 4087 priorem
520 4013 670 4087 stropham
695 4015 799 4075 iterum
824 4018 853 4073 in
880 4035 935 4090 23²
954 4025 981 4080 ÷
999 4033 1025 4085 2,
1050 4013 1169 4072 alteram
1195 4013 1225 4069 in

75 4127 132 4183 32²
151 4121 177 4174 ÷
196 4127 210 4165 2
228 4108 399 4168 diuiderem.

105 4311 114 4339 ¹
133 4313 230 4360 Dubitat
242 4323 321 4361 tamen
337 4313 493 4375 Westphalius
508 4317 620 4377 postremi
632 4326 687 4364 octo
703 4331 779 4363 uersus
794 4315 873 4380 19-26
883 4317 981 4377 Epodon
997 4317 1090 4376 iaciant,
1104 4332 1133 4364 an
1150 4332 1226 4366 uersus

71 4397 191 4452 exciderit,
204 4411 250 4458 quo
262 4397 330 4445 tertia
342 4396 468 4444 efficeretur
480 4401 573 4460 stropha
586 4415 670 4447 nouem
683 4413 789 4446 uersuum
803 4400 853 4460 (pp.
867 4409 921 4460 231,
935 4399 970 4461 2).

636 4501 654 4542 U
