2872 5002
158 1103 468 1199 CATVLLI
522 1105 983 1201 VERONENSIS
1039 1106 1267 1199 LIBER.

701 1413 728 1475 Ι.

357 1600 432 1683 QUI
454 1602 544 1665 dono
567 1600 712 1682 lepidum
735 1619 858 1663 nouum
881 1598 1029 1662 libellum

175 1807 277 1862 Catulli
290 1807 418 1876 (Catullis
429 1807 496 1878 ια’)
509 1809 675 1863 Veronensis
692 1808 762 1863 liber
773 1808 868 1877 incipit
883 1809 918 1862 ad
935 1807 1095 1862 Cornelium
1112 1804 1216 1862 IiGLa'
1235 1808 1285 1861 Vm

139 1879 241 1932 Catulli
253 1879 418 1932 Veronensis
429 1885 527 1948 poetae
539 1880 609 1933 liber
620 1880 714 1947 incipit
727 1881 779 1933 AL
842 1878 941 1931 Catulli
953 1878 1120 1932 Veronensis
1131 1878 1166 1931 ad
1179 1878 1286 1931 Corne-

138 1949 207 2002 lium
219 1946 273 2002 La¹
309 1949 431 2002 Catullus
443 1950 608 2003 Veronensis
620 1956 702 2018 poeta
713 1951 737 2003 0
773 1949 873 2002 Catulli
885 1948 1051 2001 Veronensis
1066 1954 1165 2016 poetae
1177 1946 1286 2000 illustris

139 2019 236 2087 incipit
247 2018 365 2072 feliciter
375 2020 411 2073 ad
423 2019 582 2073 Cornelium
593 2021 623 2073 H
657 2020 803 2073 Clarissimi
815 2025 914 2088 poetae
928 2018 1027 2071 Catulli
1039 2018 1205 2071 Veronensis
1217 2016 1287 2069 liber

140 2089 237 2157 incipit
260 2089 295 2142 ad
320 2090 479 2143 Cornelium
501 2091 520 2143 b
590 2090 680 2144 Catuli
701 2090 867 2143 Veronensis
890 2095 974 2158 poete
995 2089 1037 2142 cla
1060 2087 1130 2141 liber
1150 2087 1246 2155 incipit
1268 2107 1287 2140 a

140 2158 243 2211 Catulli
261 2158 427 2212 Veronensis
444 2166 542 2227 poetae
560 2158 644 2228 lyrica
662 2160 795 2229 incipiunt
815 2159 932 2212 feliciter
949 2158 1126 2229 Philippensis
1191 2159 1229 2211 Et
1246 2157 1286 2210 bis

140 2229 238 2297 quidem
256 2231 368 2283 omnibus
385 2232 457 2284 abest
467 2243 621 2299 praenomen
711 2229 851 2351 Q.†Catuli
869 2229 1035 2283 Veronensis
1053 2227 1123 2282 liber
1139 2228 1234 2295 incipit
1251 2225 1288 2280 ad

141 2298 326 2351 Corneliuml
358 2301 395 2353 D.
498 2299 733 2353 .anER1.cn
763 2298 864 2354 VLLI.
876 2298 1090 2352 VERONENS.
1103 2298 1156 2351 AD
1171 2295 1287 2350 CORN.

140 2367 343 2422 NEPOTEM.
356 2368 474 2422 LIBER
560 2370 599 2440 Q.
611 2369 709 2422 Catulli
721 2373 799 2423 etiam
811 2371 1005 2436 Riccardianus‚
1016 2382 1041 2423 ct
1053 2370 1213 2433 Caiatiam
1226 2377 1287 2420 teste

141 2439 660 2509 scaliger0,·1³nn.11.N.XXXs⁷11.81.
680 2439 802 2493 ‘Nonius
810 2441 925 2494 Senator
933 2440 1002 2492 filius
1011 2440 1138 2491 Strumae
1147 2436 1221 2489 Noni
1230 2436 1289 2490 eius

141 2511 242 2578 ‘quem
256 2509 426 2579 QCatullus
437 2516 520 2578 poeta
531 2510 559 2563 in
571 2509 635 2563 sella
646 2509 733 2562 curuli
745 2510 833 2562 uisum
847 2511 957 2576 indigne
969 2509 1050 2562 tulit:
1078 2509 1240 2576 Quamquam
1253 2508 1289 2559 ibi

142 2580 255 2646 Qahea
265 2581 299 2634 ab
311 2581 410 2649 optinens
422 2581 543 2635 codicibus
554 2593 580 2633 et
592 2581 783 2650 bambergensi,
795 2582 866 2649 idque
880 2579 1042 2632 omittendum
1059 2579 1159 2632 uidetur
1171 2578 1203 2630 L.
1216 2579 1289 2649 lano,

141 2651 286 2716 Sebevabs'a
299 2648 417 2733 (Quaest.
422 2663 453 2720 p.
469 2649 516 2720 15)
529 2653 600 2704 mibi.
645 2650 678 2703 C.
688 2652 782 2704 dicitur
789 2653 815 2704 in
825 2650 926 2720 Apuleii
938 2649 1015 2718 Apol.
1024 2650 1055 2701 X
1066 2646 1107 2717 (p.
1119 2664 1148 2713 15
1160 2643 1289 2728 Xmeegcr)

142 2720 265 2772 ‘Eadem
278 2720 359 2786 igitur
370 2736 454 2788 opera
466 2728 594 2774 accusent
607 2721 639 2773 C.
648 2720 785 2773 Catullum
795 2720 870 2788 quod
882 2719 1010 2772 Lesbiam
1021 2733 1072 2788 pro
1088 2717 1184 2770 Clodia
1200 2716 1290 2769 nomi·

141 2790 247 2843 ‘narii’
268 2802 292 2844 ct
309 2793 336 2844 in
347 2793 451 2860 fragm.
470 2793 579 2845 Suetonii
595 2792 624 2844 de
641 2794 724 2844 Poetis
743 2794 769 2843 in
787 2792 931 2858 Hieronymi
948 2791 1034 2844 chrm.
1047 2788 1079 2841 oi.
1091 2787 1247 2841 CLXXIII.
1266 2803 1291 2852 2,

143 2860 245 2912 ‘Galus
263 2860 386 2913 Valerius
405 2861 526 2914 Catullus
543 2861 662 2914 scribtor
680 2860 795 2929 Lyricus
813 2860 940 2913 Veronae
959 2858 1094 2912 nascitur'
1112 2857 1173 2927 (fr.
1195 2875 1241 2923 aa,-
1252 2858 1290 2911 ed.

142 2929 343 3001 Reifferscheid.)
380 2934 410 2985 In
434 2934 494 3000 ipsis
513 2933 668 2986 carminibus
688 2932 754 2984 nibil
769 2943 808 2984 est
825 2932 890 2999 quad
909 2949 963 2983 rem
981 2930 1080 2982 soluat:
1102 2947 1246 2997 quanquam
1264 2931 1292 2982 in

143 3001 257 3054 LXVII.
272 3018 302 3054 12
320 3017 417 3054 uerum
436 3002 513 3055 istius
523 3001 615 3069 populi
632 3002 711 3053 ianua
723 3000 769 3069 qui
782 3006 811 3053 te
829 3001 905 3065 tacit,
924 3001 1071 3054 uerisimilis
1085 3000 1184 3053 uidetm
1196 3003 1291 3067 conjec-

142 3082 205 3124 tura
223 3072 347 3140 Scaligeri
359 3073 464 3140 QInte
475 3093 507 3125 ex
520 3073 567 3139 qui
580 3078 609 3124 te
620 3072 748 3125 elicientis.
786 3071 916 3125 Valerium
928 3089 1059 3139 cognomen
1066 3071 1153 3136 fuisse
1165 3080 1292 3122 testamur

139 3153 246 3211 praeter
256 3142 434 3207 Hieronymum
447 3161 473 3194 u.
485 3161 517 3208 s.,
532 3143 600 3196 Suet.
612 3142 662 3194 lut.
678 3142 812 3208 LXXIII,
828 3143 970 3210 Porphyrio
987 3141 1025 3193 ad
1040 3141 1103 3192 Hor.
1116 3140 1143 3192 S.
1156 3141 1178 3192 I.
1194 3155 1234 3205 ιο,
1250 3156 1291 3204 19,

143 3221 323 3347 foffmirffir
340 3212 499 3333 Cruqtuianus
503 3226 539 3335 [pl
547 3217 605 3278 398,
609 3215 732 3334 fortasset
737 3214 815 3264 etiam
825 3212 998 3333 Chalrisiaulstl.¹
1000 3223 1070 3332 1375
1081 3212 1173 3331 1³33?t
1179 3209 1292 3331 blaxii}

143 3295 1196 3420 ‘inoiblermffiriiampirsgillbilbsieblgirplilresgmtbbbl&reobtiirebcibs’sbriem
1208 3296 1290 3401 sblias.

144 3422 200 3473 ‘nt
212 3426 304 3474 nmen
317 3421 385 3475 haec
397 3422 535 3488 pugillaria
548 3422 654 3490 saepius
671 3421 831 3474 neutraliter
842 3420 910 3474 dicit
926 3421 998 3473 idem
1013 3419 1135 3472 Catullus
1147 3420 1174 3470 in
1186 3418 1291 3471 hende-

144 3491 320 3559 ‘casyllabis’
331 3494 355 3544 ss'
366 3502 431 3544 recte
443 3491 578 3545 Valerium
594 3493 705 3545 restituit
723 3493 861 3560 Hauptius.
933 3491 1099 3543 Veronensis
1110 3490 1208 3541 addunt
1221 3489 1291 3543 Piin.

143 3563 178 3645 II.
191 3561 228 3615 N.
239 3561 373 3614 XXXVI.
389 3567 432 3627 48,
447 3562 545 3616 Nonius
558 3575 586 3632 p.
601 3565 661 3626 546,
677 3564 828 3616 Priscianus
839 3573 868 3630 p.
886 3563 937 3625 546
954 3564 996 3626 Ρ,
1008 3572 1036 3629 p.
1052 3562 1083 3611 16
1101 3561 1129 3611 I.
1145 3575 1155 3610 1
1170 3560 1208 3611 ed.
1225 3558 1290 3626 Keil,

46 3699 53 3712 ·
142 3633 485 3823 f'i‘e'ii'enffiiiioii
499 3632 941 3771 {stabilissima
954 3629 1290 3767 bsisfiusii‘i'iri

160 3786 250 3824 nensis
262 3786 314 3839 poe
328 3772 362 3825 a.’

181 4013 203 4048 1.
241 3996 297 4067 Qi
317 3996 397 4048 ADG
419 3994 461 4064 (ut
480 3994 594 4064 uidetur)
616 3996 834 4065 OPbiIIippensis
853 3997 883 4047 bc
904 3992 1042 4048 Gulieimus
1061 3991 1242 4058 Pastrengicus
1261 3992 1291 4044 de

142 4067 289 4135 Originibus
302 4085 389 4119 rerum
397 4078 425 4135 p.
437 4071 469 4117 88
482 4067 506 4118 b.
519 4066 617 4120 allatus
629 4068 662 4119 ab
675 4069 792 4135 Hauptio.
830 4067 881 4118 Cui
895 4066 963 4118 BCL
976 4061 1027 4115 La¹
1041 4059 1102 4127 Μ,
1116 4063 1219 4114 Marius
1234 4064 1290 4114 Va-

142 4139 238 4190 torinus
254 4138 320 4202 2596
334 4139 374 4203 P.,
387 4141 481 4189 Ierent.
496 4138 586 4190 Maur.
602 4140 678 4201 2562,
694 4140 771 4200 2567,
785 4137 896 4188 Isidorus
911 4136 1003 4202 Origg.
1018 4134 1061 4185 VI.
1079 4149 1118 4185 12.
1134 4149 1157 4196 3.
1219 4131 1288 4197 031

143 4207 172 4259 H
184 4207 348 4277 Uoieroi
357 4207 394 4259 ed.
404 4209 452 4261 Pr.
461 4228 493 4259 ex
501 4209 669 4260 emendatione
678 4207 802 4259 Italorum
838 4204 976 4256 Caridono
986 4205 1078 4256 Isidori
1090 4204 1140 4255 cod.
1151 4203 1290 4255 Ballinien·
1338 4211 1345 4223 “

141 4280 177 4329 sis
196 4277 329 4347 diiigenter
348 4296 466 4331 excussus
485 4279 518 4330 ab
538 4280 638 4331 Eduino
658 4275 786 4328 Palmero.
833 4275 888 4346 Qi
910 4275 1027 4327 datiuum
1046 4275 1120 4326 babet
1138 4274 1186 4336 bic,
1206 4274 1242 4324 II.
1266 4289 1289 4339 3,

143 4348 245 4400 XXIV.
260 4365 284 4412 5,
298 4349 376 4401 Lucr.
391 4350 433 4401 IV.
448 4368 481 4413 44
518 4351 552 4401 II.
567 4350 601 4401 A.
615 4350 636 4400 1.
650 4348 745 4399 Munro
757 4349 784 4398 in
794 4347 889 4398 Diario
900 4345 995 4398 philol.
1008 4344 1159 4411 Cantabrig.
1175 4343 1218 4395 IV.
1231 4359 1290 4409 247,

141 4435 213 4484 quem
225 4437 319 4485 sequor.

690 4487 711 4537 B
729 4504 741 4537 s
