2872 5002
137 381 247 440 xxxviii
528 376 897 441 PROLEGOMENA.

261 564 288 621 c¹
302 563 425 623 LXXV.
444 583 456 622 r
475 564 564 624 Nunc
585 573 629 623 est
648 582 733 623 mens
748 560 1055 623 deducta—LXXVI.
1071 580 1109 620 aa
1125 559 1247 637 Expulit
1259 575 1296 619 ex

342 680 434 721 omm.

261 792 291 852 c¹
304 793 442 852 LXXVI.
461 814 497 870 23
513 793 584 854 Non
599 795 658 853 iam
672 793 743 853 illud
757 792 1051 871 quaero-LXXIX.
1074 813 1091 866 4
1116 791 1149 852 Si
1170 792 1226 850 tria
1247 808 1297 851 na·

344 903 451 953 iorum.

262 1022 293 1082 d¹
314 1022 516 1084 LXXXVIII.
538 1043 552 1083 1
576 1024 658 1097 Quid
679 1024 748 1084 lacit
768 1025 802 1097 is,
825 1022 1024 1084 Gelli—XCI.
1048 1043 1065 1096 4
1088 1024 1153 1082 Aut
1176 1037 1300 1100 possea

345 1124 430 1200 turpi.

263 1250 294 1313 d'
316 1254 396 1314 XCI.
419 1269 436 1329 5
459 1255 518 1314 Sed
540 1275 635 1333 neque
657 1253 738 1332 quod
762 1251 1021 1314 matrem-XCV.
1047 1271 1084 1311 ro
1106 1253 1149 1311 At
1170 1251 1299 1329 populus

345 1355 469 1414 tumido,

133 1470 138 1483 ¹
181 1491 284 1570 Itaque
298 1511 491 1570 unaquaeque
506 1495 616 1572 pagina
629 1511 768 1554 uersuum
782 1503 826 1552 est
839 1506 887 1567 27.

182 1632 342 1693 Boehmius
355 1634 454 1695 titulos
468 1636 508 1693 ibi
522 1646 635 1696 tantum
656 1646 799 1708 numerat,
813 1636 863 1694 ubi
878 1635 909 1693 in
923 1633 1032 1693 nostris
1046 1631 1203 1692 codicibus
1217 1629 1301 1689 inue-

142 1733 270 1791 niuntur.

182 1891 211 1949 p.
230 1891 255 1931 1.
269 1871 392 1944 LXXX,
408 1873 546 1945 LXXXI,
560 1872 716 1944 LXXXII,
731 1870 904 1931 LXXXIII.
922 1885 1038 1945 1-5=2
1043 1890 1060 1946 3
1075 1888 1190 1930 uersus.

225 1998 251 2038 a.
272 1978 444 2038 LXXXIII.
472 1981 500 2052 6,
529 1978 698 2038 LXXXIV.
731 1997 796 2049 r-a,
827 1992 916 2052 5-12,
945 1976 1099 2050 LXXXV,
1127 1971 1302 2046 LXXXVI,

305 2077 562 2154 LXXXVII=23
578 2097 688 2137 uersus.

225 2203 251 2259 3.
273 2182 397 2257 LXXV,
412 2184 551 2244 LXXVI.
571 2203 730 2261 1-19=23
745 2202 858 2243 uersus.

224 2311 250 2364 4.
273 2289 412 2352 LXXVI.
431 2296 539 2366 20-26,
554 2291 710 2364 LXXVII,
725 2289 896 2362 LXXVIII,
911 2289 1124 2364 Lxx1x=23
1140 2307 1254 2348 uersus.

183 2443 270 2506 Haec
288 2447 407 2525 Bergkii
428 2448 561 2508 Boehmii
577 2447 748 2524 Westphalii
769 2448 844 2506 ratio
865 2464 1034 2524 quanquam
1055 2446 1125 2505 inde
1145 2463 1301 2504 commen·

141 2543 226 2604 datur
240 2548 321 2624 quod
336 2549 547 2625 consequentia
561 2547 630 2607 facit
646 2548 775 2606 carmina
790 2547 826 2606 dc
842 2545 939 2605 Gellio
953 2545 1013 2605 duo
1028 2543 1160 2604 LXXIV
1174 2543 1299 2617 LXXX,

140 2642 202 2702 duo
218 2644 254 2702 de
268 2646 380 2705 incesto
396 2645 527 2705 LXXIX
540 2645 733 2704 LXXXVIII
748 2645 805 2704 hoc
821 2644 908 2705 Gellii
927 2662 995 2703 cum
1016 2655 1108 2703 matre
1129 2661 1165 2702 ac
1188 2661 1299 2714 sorore,

141 2741 212 2799 illud
234 2742 333 2801 Lesbii
354 2761 422 2803 cum
443 2744 558 2815 Lesbia,
577 2763 652 2820 quae
673 2762 751 2802 nunc
773 2744 803 2801 in
824 2743 977 2802 codicibus
999 2752 1132 2820 separata
1152 2742 1299 2818 leguntur,

143 2840 210 2898 ideo
226 2840 296 2898 mihi
311 2859 371 2899 non
387 2861 423 2900 ex
438 2843 519 2901 omni
534 2853 616 2919 parte
635 2861 705 2901 uera
726 2842 840 2902 uidetur
854 2842 934 2918 quod
956 2861 1010 2901 nec
1031 2842 1062 2900 in
1083 2842 1196 2918 reliqua
1216 2851 1300 2917 parte

142 2937 207 2995 libri
222 2938 376 2997 Catulliani
390 2941 546 3016 quicquam
561 2941 688 3016 expedit,
703 2958 758 2999 nec
780 2941 810 2998 in
831 2939 876 2998 his
896 2941 967 3017 Ipsis
988 2940 1167 2999 carminibus
1186 2950 1300 3016 praeter

143 3037 305 3095 carminum
323 3038 653 3098 LXXXVII—LXXV
668 3040 901 3099 disiunctionem.
945 3039 1016 3099 Non
1037 3040 1116 3098 enim
1138 3040 1178 3097 ita
1198 3048 1299 3098 osten·

143 3135 220 3192 ditur
234 3137 386 3210 quomodo
401 3136 568 3196 LXXXIV.
586 3157 612 3213 3,
630 3159 647 3212 4
666 3137 707 3196 Et
718 3146 775 3196 tum
791 3137 1025 3216 mr‘rtfice-Cum
1044 3145 1179 3214 quantum
1189 3143 1303 3212 potera!

144 3252 181 3291 ex
205 3235 272 3293 loco
295 3254 349 3295 suo
372 3238 445 3295 moti
468 3256 546 3296 nunc
569 3246 637 3315 post
658 3237 825 3296 LXXXIV.
852 3257 887 3295 ιο
909 3247 986 3297 stent
1007 3239 1038 3294 in
1059 3237 1219 3307 codicibus,
1242 3253 1299 3294 nec

142 3332 294 3408 quomodo
317 3353 417 3394 uersus
443 3334 501 3394 Sed
520 3356 593 3394 nunc
616 3338 649 3394 id
669 3337 869 3415 doleo—sama
897 3337 1020 3412 loquetur
1045 3355 1116 3393 anus
1139 3336 1170 3393 in
1196 3334 1297 3393 locum

144 3431 270 3490 alienum
293 3445 360 3509 post
381 3434 552 3494 LXXVIII.
568 3438 586 3493 6
602 3436 681 3494 inlati
696 3434 809 3506 suerint,
824 3453 879 3494 nec
900 3434 1053 3512 quomodo
1074 3432 1168 3492 XCV.
1185 3453 1202 3506 4
1217 3434 1298 3492 exci-

144 3530 226 3589 derit.
269 3530 307 3590 Et
331 3543 363 3591 ut
387 3535 548 3593 concedam
578 3535 674 3593 titulos
702 3535 732 3592 in
761 3535 821 3592 ima
848 3535 956 3611 pagina
984 3552 1053 3592 casu
1082 3550 1297 3608 nonnunquam

145 3629 271 3688 omissos
286 3629 384 3703 fuisse,
398 3634 532 3691 consulto
548 3634 587 3691 ibi
602 3651 719 3709 semper
731 3633 951 3710 praetermissos
966 3650 1028 3691 non
1042 3631 1224 3690 crediderim.

186 3727 289 3788 Restat
308 3730 409 3805 opinio
430 3730 597 3803 Froehneri‚
612 3733 812 3791 existumantis
828 3751 863 3806 3²
881 3750 983 3790 uersus
997 3731 1028 3788 in
1041 3741 1165 3807 utraque
1186 3731 1297 3807 pagina

144 3827 291 3903 archetypi
318 3827 415 3898 luisse,
441 3829 496 3888 hos
518 3840 615 3889 autem
640 3832 764 3908 scriptos
786 3832 898 3890 duabus
919 3828 1065 3889 columnis
1091 3844 1230 3886 uersuum
1252 3847 1297 3887 se·

144 3942 215 3981 num
231 3925 348 3983 denum.
390 3925 487 3986 Etiam
501 3928 571 3988 illud
590 3931 703 4005 primus
720 3929 876 4008 perspexit,
890 3927 988 3985 titulos
1008 3925 1206 3985 numerandos
1223 3944 1296 3986 esse.

145 4020 230 4080 Haec
255 4041 324 4081 uera
348 4041 412 4082 esse
437 4036 465 4085 et
488 4027 577 4086 credo
601 4038 630 4086 et
653 4029 852 4086 demonstrare
874 4044 922 4085 me
944 4043 1033 4102 posse
1054 4024 1184 4083 arbitror.
1228 4025 1297 4083 Dixi

144 4120 226 4179 initio
248 4121 483 4199 Prolcgomenon
500 4126 541 4206 (p.
561 4126 589 4204 ι)
605 4128 635 4185 in
649 4126 812 4185 Thuanaeo
833 4124 937 4184 codice
951 4134 1049 4183 extare
1071 4123 1197 4198 uestigia
1218 4124 1297 4183 unde

144 4219 328 4296 colligeretur
342 4241 368 4281 c.
383 4222 469 4282 LXII
483 4243 521 4283 err
535 4224 650 4301 paginis
664 4223 711 4282 nel
726 4222 871 4281 columnis
886 4221 1063 4298 descriptum
1078 4220 1166 4280 fuisse
1182 4223 1217 4278 16
1232 4240 1298 4280 uer·

145 4335 239 4390 suum,
263 4319 398 4396 idemque
419 4321 585 4381 confirmari
605 4321 757 4380 codicibus
778 4320 896 4378 Datano
917 4337 952 4377 ac
975 4318 1231 4395 SangermanensI,
1245 4320 1298 4377 ubi

144 4419 280 4478 carminis
300 4418 386 4478 LXII
408 4419 495 4498 aliqui
516 4437 618 4480 uersus
639 4419 751 4479 eisdem
772 4418 830 4478 sere
852 4417 889 4477 de
910 4418 1005 4477 causis
1026 4418 1128 4477 omissi
1149 4426 1237 4495 atque
1259 4416 1298 4476 illi
