2872 5002
549 355 608 415 AD
635 356 729 415 XXV.
755 371 781 432 5.
1180 364 1236 418 ³11

86 519 168 579 οὐτως
184 523 295 593 εὐχερῶς
308 521 446 596 άγρεύουσι
467 524 508 577 καὶ
529 523 571 578 ε’πύ
591 529 642 578 τῶν
655 523 803 596 ἀλογίστων
823 524 922 596 ἀνδρῶν
941 527 1017 579 τοῦτο
1038 525 1075 581 είς
1094 525 1241 597 παροιμίαν.

80 618 196 676 Ἀλλως.
225 621 313 690 άνάητε
327 624 414 692 κούφε,
445 620 524 675 ὐτδν
541 625 601 676 νούν
620 621 737 693 μετίωρε·
767 621 835 693 άρνις
855 623 906 694 γὰρ
926 622 1061 680 θαλάττιος
1080 625 1110 678 τδ
1131 623 1239 693 κε’πφος,

85 721 248 790 κουφότατον
261 720 367 790 σφόδρα
379 724 416 793 rai
431 719 508 794 ιίφρφ
523 720 722 790 διατρεφόμενον
735 721 777 774 διὰ
792 723 837 788 της
855 722 982 790 θαλάττης
1002 722 1043 776 καὶ
1062 723 1129 776 πάνυ
1150 721 1241 792 ὀλίγον

87 819 149 888 ἔχον
171 818 308 889 σαρκῶδες.
345 816 465 874 Ἀλλως·
493 816 513 870 δ
534 818 702 871 εὐτελίστατε
725 816 767 873 καύ
792 820 866 871 λάλε·
894 820 964 889 φασὶ
990 820 1041 890 γάρ
1068 821 1113 873 τύν
1140 820 1241 890 κε’τφον

86 915 177 983 εὐτελῆ
200 916 240 968 καὶ
257 915 347 971 λάλον.
383 912 498 970 Ἀλλως.
522 912 542 966 δ
563 914 731 968 εὐτελέστατε
752 915 793 968 καὶ
813 916 892 968 λάλε·
913 916 984 985 φασὶ
1003 916 1054 988 χδρ
1074 916 1120 970 τδν
1139 916 1241 987 κέπφον

85 1015 270 1066 εὐτελέστατον
296 1014 338 1067 καὶ
364 1015 453 1069 λάλον.
479 1012 569 1085 ὄρνεον
594 1014 645 1085 γάρ
673 1011 767 1084 άφρον,
796 1011 860 1084 ὅπερ
888 1015 963 1082 φιλεῖ
988 1013 1076 1084 άφρδν
1101 1013 1241 1068 θαλάττιον

87 1107 190 1164 ἐσθίειν.
232 1113 308 1164 τοῦτο
329 1113 484 1180 βουλόμενοι
506 1113 530 1164 oi
554 1115 605 1163 τῶν
625 1110 718 1164 άλιίων
740 1111 830 1167 παῖδες
857 1111 1044 1182 χειρείνσασθαι,
1065 1110 1187 1182 ῥίπτουσι
1208 1112 1240 1167 τδ

84 1212 188 1278 πρῶτον
209 1207 343 1279 πάρῤωθεν
366 1208 458 1279 άφρδν,
480 1203 534 1262 εἶτα
555 1206 688 1279 ε’γγύτατα,
710 1203 764 1262 εἶτα
784 1207 897 1280 φέρουσι
917 1211 993 1262 τοῦτο
1016 1208 1044 1262 ίν
1063 1211 1117 1264 τοῖς
1136 1208 1238 1279 χερσίν,

85 1305 127 1357 καὶ
151 1302 217 1359 οὕτω
239 1304 302 1360 κατά
322 1307 411 1377 μικρὸν
432 1305 578 1361 άπατόντες
599 1306 712 1375 εὐχερῶς
737 1303 876 1376 άχρεύουαι
900 1308 977 1359 τοῦτο
996 1304 1111 1375 ίμπεσύν
1133 1305 1169 1360 εἷς
1193 1305 1239 1363 τὰς

84 1404 174 1471 χεῖρας
186 1404 276 1458 αὐτῶν.
304 1401 421 1471 εἴληπται
436 1401 481 1457 οὐν
495 1404 532 1461 είς
550 1403 687 1476 παροιμίαν
700 1403 744 1457 ε’πύ
757 1408 809 1457 τῶν
822 1402 970 1474 άλαγίστων
990 1402 1142 1475 ἀνδρῶνκαὶ
1164 1400 1238 1471 ἀνοίη-

84 1520 144 1554 τιιν.
167 1503 280 1554 καλεῖται
294 1501 322 1555 δὲ
336 1506 425 1557 κοινῶς
438 1503 526 1572 λάρος.

124 1644 203 1702 Arat.
219 1643 302 1705 Dios.
323 1649 387 1717 184,
403 1661 421 1720 5

290 1772 338 1823 Καὶ
358 1772 421 1825 πάτε
442 1772 482 1824 καὶ
502 1770 604 1841 κε’πφοι,
626 1769 698 1825 ὁπότ’
719 1770 798 1824 εὔδιοι
818 1771 966 1839 ποτέονται,

288 1865 375 1921 Ἀντία
394 1869 542 1937 μελλόντων
561 1869 659 1939 ἀνέμων
679 1868 767 1938 είληδύ
787 1869 917 1940 φέρονται.

126 2008 250 2070 Nicand.
267 2012 351 2072 Alex.
370 2014 509 2088 ¹⁶5-170

287 2141 405 2194 Πολλάκι
425 2141 448 2195 δ’
468 2139 614 2213 ὀρταλίχων
633 2142 733 2211 ἁπαλὴν
754 2142 830 2195 εἰδῖνα
850 2144 963 2196 κενώσας

286 2237 372 2310 άφρδν
392 2239 587 2310 ίπεγκεράσαιο,
601 2240 664 2293 θοοῦ
684 2237 792 2310 δορπήῖα
813 2240 922 2308 κέπφου.

287 2340 324 2409 τῷ
344 2337 394 2407 γάρ
414 2358 443 2389 τε
465 2335 529 2403 sotir
549 2358 578 2390 τε
599 2338 668 2404 σοοῖ,
690 2337 731 2389 καὶ
750 2339 849 2405 πάτμον
869 2337 974 2390 ε’πισπεῖ

286 2430 343 2487 εὐτε
363 2434 450 2490 δόλοις
470 2432 580 2503 νῆχοντα
600 2432 748 2503 κακοφθάρα
769 2431 832 2486 τέκν’
854 2431 949 2501 άλιίηων

287 2530 377 2582 οίωνδν
396 2528 544 2601 χραίνωσιν,
566 2526 580 2580 δ
601 2527 623 2581 δ’
646 2528 673 2584 ίς
691 2526 770 2600 χέρας
790 2529 888 2596 ἔμπεσε
907 2525 1005 2582 παίδων

288 2624 401 2696 θηρεύων
420 2625 517 2697 άφροῖο
538 2624 595 2694 νέην
615 2623 696 2678 κλύδα
716 2622 908 2680 λευκαίνουσαν.

79 2756 129 2812 ubi
160 2753 323 2813 Scholiasta
351 2754 454 2814 eadem
481 2754 539 2812 sere
567 2753 652 2812 tradit
679 2771 754 2829 quae
782 2753 820 2812 ad
848 2752 1075 2829 Aristophanem
1103 2755 1234 2815 citantur.

81 2850 215 2911 Eustath.
231 2852 269 2912 ad
284 2851 340 2912 Od.
356 2852 394 2909 V.
411 2867 446 2926 51

120 2969 219 3025 Ἰστέον
233 2973 261 3026 δι’
280 2972 319 3026 ὅτι
338 2974 385 3027 τδν
397 2974 478 3044 λάρον
498 2975 529 3042 τῇ
551 2970 652 3042 εὐηθείᾳ
673 2971 688 3040 ἦ
708 2969 818 3044 ὕστερον
838 2972 958 3044 προσοχη
979 2978 1151 3045 παροιμιακῶς
1170 2974 1236 3030 ‹irro-

80 3070 179 3138 κληροῖ,
194 3068 253 3124 ὅθεν
266 3071 306 3124 καί
319 3072 416 3142 λάρους
429 3071 488 3127 τούς
502 3068 600 3138 εὐήθεις
613 3071 709 3140 φάμεν.
737 3067 804 3124 οὐτω
821 3071 849 3124 δι’
867 3071 908 3123 καί
928 3069 1044 3142 κίπφους
1063 3071 1114 3127 άπδ
1135 3073 1235 3145 κούφαυ

80 3165 116 3220 ὥς
129 3168 214 3236 φασιν
227 3169 251 3221 oi
263 3168 368 3222 παλαιοὶ
381 3165 524 3239 ὄρνιθαρίου
538 3168 579 3221 καὶ
598 3165 823 3238 εὐμεταχειρίστου
844 3167 908 3222 καθά
928 3170 969 3223 καὶ
988 3171 1058 3241 παρά
1078 3174 1115 3244 τῷ
1136 3176 1236 3246 κωμικῷ

80 3258 155 3313 ε’στίν
168 3260 258 3331 εὐρεὶν.
301 3258 625 3332 311ίθαε8.ν.άικε’πφε.
654 3261 710 3314 ἀντὶ
723 3264 769 3314 τοῦ
783 3260 803 3314 In
817 3261 985 3316 εὐτελίστατε
1006 3267 1047 3319 καὶ
1066 3267 1144 3319 λάλε·
1166 3267 1235 3336 φασδ

78 3357 131 3426 γάρ
152 3357 197 3409 τὸν
221 3356 321 3426 κε’πφον
342 3360 460 3411 τοιοῦτον
479 3353 551 3410 εἶναι·
580 3342 696 3411 τάττεται
717 3357 745 3410 δὲ
766 3357 781 3425 ἡ
801 3355 925 3429 παροιμία
950 3358 992 3413 ε’πὶ
1013 3365 1065 3413 τῶν
1088 3360 1235 3432 άλογίατων

78 3451 185 3522 άνδρῶν·
215 3456 230 3507 ό
254 3454 305 3524 γδρ
326 3453 426 3522 κέπφας
447 3455 533 3524 άφρδν
554 3451 635 3507 ε’σθίει
660 3452 814 3508 θαλάσσιον
851 3457 876 3508 oi
899 3454 928 3507 δὲ
949 3455 1039 3511 παῖδες
1064 3460 1115 3509 τῶν
1141 3454 1235 3511 άλιίων

77 3548 202 3619 ῥίπτουσι
221 3551 253 3603 τύ
274 3554 376 3620 πρῶτον
395 3547 535 3620 πόῤῥωθεν,
557 3545 610 3604 εἶτα
631 3550 771 3621 ἐγγυτάτω,
793 3545 849 3604 είτο
869 3551 906 3606 είς
925 3551 971 3618 τὴν
990 3554 1065 3622 χεῖρα
1085 3554 1129 3606 τὸν
1149 3552 1236 3623 άφρδν

79 3647 122 3699 καὶ
142 3646 252 3717 εὐχερῶς
271 3643 417 3719 άγρεύουσι.

123 3781 205 3840 Idem
219 3785 372 3856 κεπφωθείς·
394 3784 511 3857 ε’παρθεὶς
525 3785 666 3858 ἐρεθισθεὶς
681 3784 759 3854 ὀξέως
773 3786 947 3856 ε’λαυνάμενος.
981 3783 1074 3842 LXX.
1092 3785 1231 3847 proverb.

79 3879 149 3937 VII.
176 3898 211 3937 22
241 3885 256 3935 ά
284 3883 309 3936 δ’
338 3881 545 3952 ε’πηκολούθησεν
571 3883 634 3952 αὐτῇ
662 3884 813 3954 κεπφωθείς.
870 3881 999 3959 Hesych.
1025 3883 1138 3956 κε’πφος·
1166 3883 1233 3944 είδος

79 3980 170 4050 ὀρνέου
185 3981 353 4050 κουφοτάτου,
367 3978 426 4052 περὶ
439 3981 485 4049 τὴν
498 3981 646 4036 θαλασσίαν
659 3980 863 4052 διατρίβοντος,δ
874 3982 983 4052 εὐχερῶς
994 3981 1043 4035 ὐπὸ
1054 3981 1146 4051 άνίμου
1155 3985 1232 4053 μετά-

78 4098 159 4147 γεται.
180 4076 252 4130 ἔνθεν
262 4075 367 4148 λέγεται
387 4076 448 4146 άξύς
468 4079 510 4131 καὶ
530 4080 628 4148 κοῦφος
647 4077 780 4149 ἅνθρωπος
794 4078 902 4148 κέσφος.
924 4077 961 4132 ib.
978 4078 1130 4148 κεπφωθείς·
1153 4081 1231 4154 ε’παρ·

78 4173 139 4231 θείς.
168 4173 310 4242 ἀπατηθείς.
353 4172 415 4232 Cic.
438 4173 476 4230 ad
498 4173 557 4232 Att.
574 4172 659 4231 XIII.
676 4192 715 4243 40
733 4172 847 4233 Mirum
867 4192 949 4248 quam
971 4174 1101 4231 zittint'cus
1121 4175 1186 4245 ibat,
1200 4184 1234 4234 ut

77 4283 126 4342 ego
153 4265 336 4341 obriergarem.
383 4263 442 4323 Sed
460 4266 546 4341 plane
573 4270 725 4339 εεπφοῡραι.
771 4264 857 4324 Hanc
887 4284 972 4324 auem
1000 4269 1100 4340 κέπφοι
1127 4268 1230 4329 Latine

79 4361 227 4421 Catullum
247 4363 384 4439 ganiana
405 4362 513 4423 dixisse
534 4363 631 4422 credo.
672 4361 769 4422 Gauia
782 4362 885 4439 legitur
899 4363 977 4441 apud
994 4363 1119 4424 Plinium
1134 4365 1174 4425 H.
1190 4366 1228 4428 N.
