2872 5002
590 113 850 179 CATVLLI

253 306 311 364 Bo
398 303 551 368 Claustra
574 304 710 385 pandite
732 303 860 369 ianuae.

445 415 550 497 Virgo
572 416 678 480 adest.
723 415 834 481 Viden
857 426 894 481 ut
916 416 1006 483 laces

446 525 648 608 Splendidas
669 528 824 608 quatiunt
847 527 983 592 comas?

444 1103 570 1168 Tardet
593 1105 753 1186 ingenuus
775 1104 892 1186 pudor.

401 1217 512 1300 Quem
534 1225 648 1280 tamen
672 1215 778 1297 magis
799 1216 946 1293 audiens,

445 1327 521 1392 Flet
542 1329 632 1409 quod
656 1327 702 1390 ire
724 1347 858 1392 necesse
880 1336 940 1391 est.

319 1466 356 1531 o“
401 1468 497 1532 Flere
519 1469 645 1533 desine.
689 1470 767 1532 Non
789 1469 850 1533 tibi
872 1467 947 1532 Au·

446 1580 631 1646 Runculeia
653 1581 836 1663 periculum
859 1590 920 1656 est,

445 1694 499 1756 Ne
522 1713 587 1774 qua
609 1693 732 1756 semina
755 1691 897 1775 pulcrior

142 1932 292 1996 Pleitncrus,
314 1950 370 1984 cum
390 1935 428 1984 ita
448 1932 611 2000 respondeant
627 1934 733 1985 interce
752 1943 842 1986 cantus
854 1943 992 2001 puerorum
1004 1929 1107 2000 (1-45)
1119 1942 1145 1984 et
1161 1935 1290 2001 uirginum

143 2000 271 2071 (46-75),
284 2005 353 2056 cuius
371 2005 499 2070 utriusque
510 2015 534 2055 et
546 2006 572 2054 in
580 2005 704 2072 principio
718 2015 743 2056 et
757 2005 784 2056 in
792 2003 849 2071 fine
861 2003 964 2071 legatur
976 2001 1001 2054 O
1015 1999 1117 2070 hymen
1130 2001 1290 2124 hymenaee,

143 2092 217 2141 neque
227 2075 294 2126 alius
307 2076 342 2126 sis
354 2075 414 2126 ordo
426 2093 469 2125 uu.
483 2089 602 2138 114-143
617 2071 773 2142 (121-150)
785 2073 892 2126 Tollite
904 2072 929 2125 0
941 2072 1021 2139 pueri
1033 2071 1140 2126 iacoe-
1160 2089 1179 2126 0
1190 2072 1291 2141 hymen

142 2142 302 2210 hymenaee,
315 2163 371 2196 cum
380 2145 447 2196 inter
457 2146 575 2212 strophas
589 2149 850 2211 114-118,134-143
864 2162 928 2212 qaas
940 2145 1066 2212 utrinque
1077 2144 1202 2197 claudunt
1215 2145 1291 2197 uerba

145 2214 177 2267 10
196 2214 296 2283 hymen
315 2214 475 2282 hymenaee,
487 2217 648 2284 interpositae
665 2217 717 2268 sins
735 2227 787 2268 tres
804 2215 923 2284 strophae
934 2232 1040 2282 quorum
1051 2216 1137 2268 exitus
1146 2215 1209 2280 fere
1227 2217 1291 2267 idern

142 2287 176 2338 sis
189 2285 350 2338 Concubine
363 2300 446 2337 nuces
456 2284 705 2337 da-Concubinus
717 2283 1055 2337 amorem-Concubinun
1062 2299 1198 2351 umorem,
1207 2304 1290 2353 quem·

142 2359 278 2410 admodum
291 2359 317 2410 in
330 2377 372 2409 uu.
385 2358 472 2421 46-75
487 2355 680 2424 Compararier
691 2356 761 2407 ausit
774 2368 814 2408 ter
826 2376 842 2409 r
892 2357 956 2408 itum
968 2355 1071 2425 legitur.

179 2443 222 2490 77.
254 2432 325 2479 ude-st
348 2429 416 2480 codd.
430 2445 512 2480 omnes
583 2426 649 2479 ades
662 2427 820 2480 Schrudcrus
875 2427 941 2480 clim.

179 2504 222 2559 78.
258 2497 384 2566 quatiunt
397 2517 445 2550 om.
458 2499 540 2566 spotia
552 2498 639 2549 relicto
651 2494 681 2548 6²
751 2497 882 2565 quaciunt
894 2497 926 2550 0.
963 2497 1025 2548 Post
1037 2496 1102 2549 hscnc
1115 2516 1141 2550 u.
1148 2499 1252 2565 primus
1263 2497 1290 2549 in

141 2569 178 2620 ed.
196 2570 262 2619 1866
275 2571 386 2620 indicaui
397 2569 526 2633 lacunam,
536 2571 618 2621 sotius
630 2571 746 2636 opinatus
758 2569 868 2621 codicum
880 2568 992 2622 ordinem
1005 2585 1053 2619 non
1065 2567 1181 2621 curbare.
1218 2567 1290 2620 Nam

142 2651 170 2691 ut
182 2651 242 2691 ante
254 2640 382 2706 uirginum
395 2651 497 2690 cantum
518 2637 629 2706 (46-75)
649 2658 735 2691 nouem
754 2639 872 2708 strophae
889 2649 956 2703 sunt,
967 2639 1006 2690 ita
1024 2656 1111 2691 nouem
1123 2658 1181 2691 eum
1193 2649 1293 2691 secutae

142 2709 268 2761 uidentur.
295 2709 326 2759 Id
337 2712 425 2777 recepit
438 2710 596 2762 Behrensius.
622 2710 712 2761 Etiam
723 2709 755 2763 L.
763 2707 902 2761 Muellerus
913 2709 1034 2761 lacunam
1046 2712 1289 2778 agnoscitquattuor

144 2797 263 2831 uersuum
274 2780 319 2830 sed
345 2790 382 2830 oss
396 2779 504 2831 Tardet
517 2780 650 2845 ingenuus
662 2780 752 2847 pudor
765 2779 814 2848 (ed.
827 2778 916 2846 1870).

179 2854 211 2912 83
227 2849 295 2916 (79).
361 2848 439 2900 radet
452 2848 480 2899 6²
563 2851 694 2916 ingemius
707 2853 734 2902 A
818 2850 844 2901 in
856 2850 952 2915 genius
960 2848 989 2902 6²
1071 2864 1142 2917 puer
1153 2849 1192 2902 ed.
1205 2852 1288 2902 irinc.

143 2919 255 2971 Auoncii
361 2919 468 2971 Tardet
488 2921 619 2987 ingenuus
634 2920 742 2989 pudori
781 2920 843 2972 Fles
860 2920 936 2988 quod
954 2921 994 2973 ire
1013 2935 1126 2973 neeesse
1144 2923 1206 2973 est?
1228 2923 1289 2973 coni.

143 2989 305 3042 Schwabius.
333 2989 457 3041 ‘Tardet
469 3006 531 3042 cum
542 2991 756 3057 interrogatione
769 2991 914 3057 legendum
927 2997 978 3044 est.
1007 2991 1193 3045 Retineatnei
1213 2991 1290 3060 quasi

142 3061 238 3112 ‘dicat
250 3060 324 3112 non.’
361 3063 523 3114 Parthenius.

178 3137 211 3195 84
227 3131 294 3199 (80).
330 3131 404 3184 Hunc
420 3151 520 3184 uersum
539 3132 720 3186 Lachmannus
732 3133 860 3202 Hauptius
873 3132 1014 3186 Pleitnerus
1027 3132 1181 3185 Schwabias
1192 3143 1289 3201 postu.

144 3219 194 3253 110
217 3200 292 3270 (10⁶)
310 3213 415 3271 ponunt,
429 3213 456 3254 ut
471 3215 537 3271 pars
559 3206 593 3254 sit
611 3205 728 3272 strophae
745 3223 822 3271 quom
841 3203 963 3257 claudunt
981 3203 1060 3256 uerba
1074 3200 1201 3254 Candido
1220 3202 1291 3270 pede

141 3273 214 3325 lecti.
251 3274 319 3325 Idem
323 3275 391 3338 fecit
404 3273 519 3338 Hcysius,
528 3274 572 3325 sed
588 3285 617 3326 ut
634 3274 698 3326 duos
710 3276 827 3343 strophas
830 3277 942 3340 faceret,
954 3293 1063 3341 quarum
1075 3274 1162 3326 altera
1174 3292 1193 3324 a
1206 3273 1289 3326 uerbis

142 3344 233 3412 Quem
258 3350 352 3395 tamen
376 3345 462 3408 magis
486 3344 606 3409 audiens,
630 3344 715 3397 altera
736 3345 770 3396 ab
794 3346 819 3395 0
845 3345 935 3397 cubile
959 3346 1083 3413 inciperet.
1119 3344 1289 3397 Rossbachius

140 3417 243 3467 eundem
262 3433 362 3467 uersum
382 3418 451 3466 uncis
470 3416 581 3467 inclusit.

177 3490 209 3548 84
225 3484 293 3554 (80).
330 3485 409 3551 Quae
423 3484 485 3537 Ald.
499 3488 520 3536 l.
535 3486 657 3553 Scaliger.

176 3561 209 3618 85
226 3559 294 3621 (81.
330 3553 459 3607 neffieO.

176 3629 209 3676 86
225 3629 268 3691 (82
286 3664 292 3678 .
328 3624 995 3680 ArunculeiaABCDGHLL0¹La²VPRo0rre11us
1007 3626 1189 3679 Lachmannus
1199 3625 1290 3678 Rossb.

140 3697 305 3748 Acunculeia
317 3717 334 3748 a
418 3696 600 3748 Aurunculeia
614 3697 636 3748 0
649 3699 763 3765 Scaliger
775 3700 850 3766 uulgo
862 3699 933 3766 idque
945 3699 1014 3750 unice
1026 3717 1114 3750 uerum
1125 3716 1177 3749 esse
1185 3707 1289 3765 prepter

140 3768 301 3836 synaphciam
314 3770 416 3835 primus
434 3766 556 3819 intellexit
574 3769 715 3820 Dawesius
728 3769 804 3821 Misc.
818 3770 882 3821 Crit.
892 3783 918 3838 p.
934 3785 963 3832 3²
1049 3766 1208 3819 Aruncudia
1220 3779 1244 3819 et
1260 3769 1289 3819 in

139 3857 225 3906 marg.
251 3837 434 3889 Aurunculeia
459 3835 486 3888 6²
575 3839 703 3890 Auruleia
727 3840 763 3890 ed.
788 3841 875 3891 Paris.
900 3858 966 3891 saec.
991 3837 1047 3888 XV
1140 3837 1289 3889 Artmcleia

139 3912 237 3961 Statius
315 3908 479 3959 Auruncleia
499 3908 588 3960 Dousa
597 3911 627 3974 s.
648 3909 772 3962 Bentleius
845 3909 1008 3961 Oruculeius
1032 3910 1128 3978 legitur
1152 3911 1179 3960 in
1204 3909 1291 3960 CILJ

139 3995 190 4044 9²7
222 3978 392 4030 Aurunceius
422 3980 517 4031 Gruter
545 3979 693 4031 CLXXXI
715 3980 870 4032 Aurunceia
894 3981 1052 4032 DCCLXII
1078 3978 1287 4030 DCLXXXIV.

140 4051 402 4118 Vtramqueformam
411 4051 524 4102 exhibent
537 4051 605 4103 codd.
616 4052 724 4103 Suetonii
738 4051 847 4116 (Caesar
857 4051 959 4115 XXV),
971 4052 1030 4102 Liui
1039 4049 1159 4102 XXVII.
1170 4053 1196 4114 6,
1207 4066 1233 4113 7,
1245 4065 1287 4113 41,

139 4121 253 4172 XXXV
251 4124 324 4257 I.›45,
328 4121 446 4243 sXXXV
444 4123 480 4173 ΙΙ.
493 4138 516 4186 2,
526 4139 558 4186 55
605 4121 816 4174 Au-Runculeia
827 4123 906 4174 diuise
915 4122 1040 4175 Turnebus
1053 4120 1232 4174 Aduers.XV.
1245 4136 1287 4172 uu.

175 4196 207 4243 88
223 4191 291 4258 (84.
339 4192 457 4244 eminina
476 4192 508 4244 0.
