2872 5002
407 338 638 399 CARMINUM
667 337 857 397 CATVLLI.
1150 341 1210 397 258

54 504 210 563 interualla
230 515 367 581 quattuor
389 516 456 583 post
482 519 549 582 177,
574 524 640 581 193,
664 509 732 580 316,
756 523 824 578 311,
846 509 935 577 σχῆμα
954 504 1210 582 exquisitissimum

59 605 271 677 13161316.

97 699 196 759 Venio
218 701 256 759 ad
278 700 405 760 Carmen
426 702 582 761 Parcarum
605 696 781 777 (311-381).
824 699 888 758 Iam
909 699 1026 758 saeculo
1048 698 1106 756 XV
1120 699 1210 758 Alex·

54 797 147 855 ander
168 798 207 855 ab
229 797 396 858 Alexandro
420 798 534 857 Genial.
557 798 636 857 Dier.
660 797 699 855 II.
727 800 754 868 6,
777 798 970 855 amoebaeum
992 815 1111 857 carmen
1134 796 1209 857 sesto

55 896 224 970 nuptiarum
243 895 289 953 die
304 894 438 954 Thetidis
452 906 481 954 et
495 896 573 954 Pelei
588 913 606 953 1
620 895 665 953 dis
687 895 834 954 decantari
856 894 992 954 traditum
1014 895 1086 953 dixit
1095 913 1103 967 ;
1126 895 1209 970 isque

55 992 93 1050 ad
109 991 215 1051 Catulli
229 1011 346 1052 carmen
362 992 516 1052 Parcarum
531 1004 559 1050 et
573 1001 687 1068 poterat
701 994 844 1069 respicere
858 1003 887 1050 et
900 994 1063 1069 respexisse
1085 992 1209 1051 creditur

55 1109 74 1148 a
97 1089 230 1149 Realiuo.
274 1089 387 1151 Primus
415 1089 541 1149 Vossius
569 1087 704 1166 strophas
732 1089 862 1167 singulas
890 1092 1046 1167 quinomm
1070 1107 1208 1150 uersuum

57 1186 192 1259 iaciebat,
207 1206 280 1263 quas
294 1189 402 1248 Parcae
417 1188 526 1249 alterne
541 1198 687 1249 canerent.

29 1317 133 1379 Atropos
140 1317 248 1379 311-316
387 1320 428 1367 At.
438 1317 543 1381 338-341
567 1318 610 1368 At.
619 1317 919 1382 353,4,1.11111’11.,355,6
941 1316 1095 1380 ,41366-371
1106 1315 1230 1380 (111371)

31 1400 350 1464 mutuare-ascusam
385 1402 422 1450 01·
434 1409 541 1464 541141
565 1402 601 1449 01·
616 1400 721 1465 ast-³⁶1
942 1401 977 1450 01·
993 1410 1148 1463 51015115

29 1482 138 1531 Lachesis
146 1497 193 1545 331
202 1497 220 1535 ÷
230 1493 335 1545 334-337
384 1483 540 1547 11348351
565 1483 754 1548 1113613651.
763 1485 847 1541 amia..
857 1482 904 1547 365
937 1485 980 1533 La.
993 1482 1096 1545 376381
1109 1479 1230 1545 (111378)

100 1602 160 1662 Sed
174 1622 225 1662 cur
239 1603 346 1661 Parcae
368 1602 426 1662 hoc
447 1603 549 1663 ordine
570 1621 602 1661 se
623 1603 792 1680 excipiunt?
814 1621 864 1662 cur
885 1602 1050 1678 singillatim
1072 1600 1209 1665 cantant?

56 1698 155 1758 Prima
169 1710 245 1759 certe
260 1699 379 1776 stropha
392 1701 429 1758 ab
443 1701 581 1760 omnibus
595 1702 715 1772 canitur,
730 1701 831 1776 Accipe
844 1701 918 1775 quad
928 1701 1000 1760 laeta
1013 1699 1067 1757 tibi
1078 1699 1212 1774 pandunt

55 1799 115 1856 luce
134 1817 264 1865 rorares;
286 1798 374 1858 credo
396 1798 482 1856 etiam
497 1798 535 1855 ab
549 1799 687 1859 omnibus
708 1807 871 1874 postremas
892 1808 958 1870 tres,
973 1799 1023 1856 ubi
1037 1799 1075 1856 ab
1090 1796 1209 1856 Achillis

56 1897 146 1955 rebus
167 1897 257 1972 gestis
278 1894 315 1954 ad
337 1895 424 1954 Pelea
443 1904 472 1953 et
493 1894 602 1953 Thetin
621 1895 652 1953 fit
671 1897 832 1956 conuersio.
879 1895 973 1967 Quare
993 1897 1210 1974 agite-currite

45 1996 122 2073 susi
141 1990 314 2072 (371-381).
360 1994 494 2070 Denique
516 2012 567 2052 cur
589 1995 718 2071 singulas
739 1995 874 2076 strophas
896 1996 1051 2071 quinorum
1071 2011 1209 2053 uersuum

58 2093 201 2152 facimus?
244 2091 421 2168 Quanquam
440 2093 526 2151 etiam
542 2092 729 2152 Rossbachio
744 2094 774 2152 id
788 2093 903 2170 placuit.
946 2094 1014 2166 Qui,
1030 2105 1060 2152 ut
1075 2093 1105 2152 id
1119 2093 1208 2165 lieret,

60 2212 129 2267 331,
153 2211 210 2266 333
232 2193 418 2268 transposuit,
440 2210 511 2250 mox
534 2194 603 2267 365,
627 2193 702 2267 3663
725 2202 787 2250 tum
808 2210 926 2250 uersum
946 2203 1014 2269 post
1037 2207 1105 2266 355,
1120 2190 1209 2250 alium

58 2300 128 2369 post
144 2304 198 2364 371
216 2299 315 2348 censet
337 2289 489 2360 excidisse,
503 2288 629 2366 denique
651 2308 768 2348 uersum
790 2289 988 2349 intercalarem
1004 2293 1062 2364 378
1078 2289 1208 2366 spurium

58 2387 156 2445 habet.
199 2386 239 2445 Et
258 2386 400 2445 excidisse
422 2385 539 2462 quidem
560 2386 668 2462 aliquid
690 2399 738 2446 aut
761 2398 827 2446 ante
845 2402 902 2463 355
925 2398 975 2447 aut
995 2398 1063 2463 post
1082 2404 1150 2444 eum
1171 2405 1208 2443 111

59 2483 125 2559 ipso
147 2502 233 2543 uersu
249 2493 368 2561 apparet
393 2482 578 2559 Troiugenum
600 2486 698 2562 inserta
713 2492 889 2562 prosternens
910 2495 1024 2560 corpora
1032 2485 1144 2561 ferra;
1166 2484 1208 2541 sic

58 2584 139 2641 enim
153 2585 183 2640 in
197 2583 314 2658 optimis
333 2582 483 2642 codicibus
504 2583 614 2659 legitur,
630 2602 690 2642 non
705 2591 868 2660 prosternet.
913 2584 972 2642 Sed
986 2582 1057 2641 nihil
1071 2582 1126 2640 tale
1141 2593 1209 2658 post

62 2695 118 2756 371
136 2681 275 2739 accidisse
287 2680 392 2750 credo;
415 2699 470 2739 nec
484 2681 572 2739 uideo
588 2699 639 2739 cur
654 2683 829 2741 intercalaris
850 2699 950 2740 uersus
966 2683 1023 2757 378
1039 2699 1094 2758 pro
1109 2681 1209 2756 spurio

58 2779 212 2838 habendus
227 2778 270 2848 sit,
286 2779 455 2853 praesertim
470 2796 537 2835 cum
552 2779 582 2836 in
597 2780 734 2838 omnibus
753 2781 903 2839 codicibus
923 2779 978 2838 nisi
999 2797 1060 2838 uno
1080 2779 1208 2838 alteroue

58 2897 97 2937 ex
117 2876 296 2953 interpolatis
316 2877 435 2952 legatur.
479 2877 559 2935 Turn
580 2878 660 2953 quod
681 2879 750 2937 dicit
770 2879 902 2956 strophas
923 2897 960 2936 ex
981 2877 1127 2955 quaternis
1145 2896 1209 2937 uer·

59 2977 140 3034 sibus
168 2985 301 3034 constare
323 2975 426 3049 quibus
449 2975 638 3050 subiungatur
662 2977 846 3047 intercalaris,
872 2975 926 3034 nisi
954 2975 1034 3052 quod
1061 2975 1106 3034 bis
1134 2977 1208 3036 ordo

58 3075 191 3132 turbatus
205 3074 257 3144 sit;
280 3072 516 3147 transponendos
530 3073 609 3131 enirn
623 3093 687 3133 esse
704 3094 720 3148 3
725 3094 773 3149 33,
789 3074 919 3149 3651101
934 3073 1024 3132 modo

104 3196 233 3275 (Stroph.
247 3201 275 3264 β.
292 3197 323 3268 4)
341 3213 397 3271 331
422 3194 668 3272 Langueuutosque
677 3205 760 3273 paret
771 3205 855 3257 tecuen
868 3199 1032 3272 contangere
1045 3214 1150 3255 sannas

279 3291 324 3371 (5)
342 3312 400 3369 333
423 3291 554 3370 (Currite
568 3295 689 3352 ducentes
703 3296 881 3370 subtegmina,
896 3291 1088 3372 currulesusc)

102 3393 231 3472 (Stroph.
246 3417 272 3466 γ.
292 3388 319 3469 1)
336 3410 393 3466 332
415 3390 507 3448 Lenia
521 3392 694 3451 substernens
710 3393 816 3451 robusta
830 3394 946 3451 brachia
959 3393 1025 3450 calla

103 3489 231 3567 (Stroph.
254 3515 271 3548 1.
287 3487 319 3566 4)
335 3491 393 3564 366
415 3488 495 3547 Nam
509 3490 721 3567 srnrulacsessts
735 3492 913 3569 dedrrttsars
925 3491 1030 3566 captam
1045 3488 1164 3546 Achaicus

275 3586 320 3666 (5)
337 3590 395 3664 365
419 3586 548 3664 (Currite
562 3589 683 3645 ducentes
696 3588 877 3666 subtegmina,
890 3591 996 3646 currite
998 3584 1080 3664 sust)

101 3685 230 3765 (Stroph.
251 3710 274 3743 κ.
294 3684 321 3764 1)
338 3686 393 3760 367
425 3684 507 3743 Vrbis
521 3684 689 3745 Dardanae
703 3684 845 3763 Neptunia
859 3687 962 3746 saluere
974 3686 1068 3744 uincla

58 3819 229 3880 quanquam
251 3799 401 3858 Theocriti
423 3798 488 3874 Eid.
511 3799 550 3858 11.
572 3810 601 3859 et
620 3799 725 3859 Catulli
739 3800 819 3859 LXI.
837 3799 1030 3880 (151)-(154)
1052 3800 1143 3869 affert,
1158 3800 1209 3860 ubi

59 3901 233 3960 sententiam
248 3899 353 3975 pariter
366 3899 548 3975 intermmpit
561 3901 723 3974 ἐπίφθεγμα;
746 3900 839 3959 fateor
851 3911 950 3958 tamen
969 3900 998 3958 id
1019 3898 1089 3956 mihi
1111 3898 1208 3956 durius

59 4000 162 4070 uideri,
177 4017 265 4074 quam
280 3999 356 4057 utin
371 4009 430 4057 tam
445 3999 564 4075 limpido
579 4002 707 4059 carmine
722 3999 852 4059 Catullus
867 3999 1022 4058 admiserit.

101 4098 226 4174 Propius
240 4097 278 4156 ad
292 4115 393 4156 uemm
407 4098 528 4157 accessit
542 4097 709 4171 Pleitnerus,
723 4099 781 4160 hoc
795 4099 953 4158 constituto
968 4096 1070 4154 ordine

327 4223 467 4293 5÷4÷⁶
572 4237 691 4296 555555
795 4224 935 4291 61415
1040 4246 1044 4256 ·

60 4334 205 4393 intellexit
231 4336 310 4394 enim
339 4335 467 4395 medium
495 4337 593 4395 locum
621 4346 718 4395 tenere
746 4337 878 4394 iteratum
907 4335 1023 4412 saepius
1055 4350 1209 4392 numemm

61 4433 234 4510 quinarium,
249 4434 299 4512 qui
314 4436 566 4512 autem‚utrinque
588 4444 672 4505 stent,
687 4434 761 4493 inter
775 4451 807 4492 se
820 4432 999 4509 respondere
1014 4435 1076 4490 each
1089 4433 1210 4506 xmeptr.

613 4551 626 4590 s
644 4551 658 4588 2
