2872 5002
231 367 291 422 ³40
695 358 911 420 Excvusvs

230 525 342 585 Srim'lri
365 525 535 582 amnwmizci
554 533 660 582 natura
681 532 763 601 atque
783 527 922 600 lacrymae
935 523 1107 602 probandae.
1160 523 1389 584 Contractum

229 641 257 681 ιι.
280 642 297 698 9
319 640 379 680 uox
401 631 472 680 nota
496 621 675 693 morborum,
690 621 763 681 Plio.
788 622 904 682 XXIII.
926 643 965 698 94
986 621 1201 699 Raphone'num
1217 621 1390 699 phthinirrri

229 722 309 796 longo
329 727 444 795 tempore
464 727 620 778 contractos
639 721 718 779 tollet.
762 720 878 798 Lupae
892 739 920 780 u.
938 739 976 779 ιο
990 738 1050 797 quo
1064 722 1190 781 nomine
1212 720 1389 799 appellatum

229 829 274 877 est
288 821 337 874 κίκι
351 817 413 876 siue
428 828 533 876 croton
552 817 653 877 Diosc.
669 818 723 878 IV.
742 823 806 879 161.
844 818 957 879 Herod.
972 818 1011 877 II
1029 839 1067 894 94
1082 823 1184 893 κόρην
1198 821 1280 893 φέρει
1293 820 1390 875 :dib

229 919 276 986 plu
290 916 407 971 δυσώδεα
421 916 462 970 δι’·
482 920 574 971 τοῦτον
586 917 664 972 ε’σέαν
677 919 854 987 συλλέξωνται
868 920 893 973 ol
905 918 951 988 yria
964 919 1093 989 κόψαντες
1112 918 1254 986 ἀπιποῦσι,
1271 921 1297 971 oi
1311 918 1340 971 δὲ
1352 917 1389 969 ml

230 1111 303 1166 οὐδὲν
316 1110 401 1181 ἧσσον
414 1109 501 1166 thahu
518 1115 554 1187 τῷ
571 1110 659 1188 λύχνῳ
679 1117 815 1184 uolentes,
830 1113 910 1183 ὀδμὴν
929 1113 958 1167 δέ
977 1114 1076 1185 βόρεαν
1094 1113 1249 1185 παρέχεται.
1293 1109 1389 1169 Huius

230 1206 328 1266 oleum
357 1207 511 1284 praecipue
540 1207 649 1282 pingue
670 1207 759 1266 fuisse
784 1207 871 1266 docet
896 1206 1005 1267 Plinius
1032 1207 1149 1267 XXIII.
1166 1211 1208 1282 83
1232 1205 1333 1266 Semen
1351 1226 1388 1265 cx

230 1324 282 1381 quo
293 1306 330 1377 fit
341 1305 421 1361 nulla
435 1305 565 1361 antinous
579 1306 715 1381 oltriagrioe
737 1305 872 1383 ellychm'o
888 1325 927 1364 ex
946 1324 1005 1363 uua
1017 1305 1101 1381 fiunt
1117 1307 1261 1364 clartlotr‘s
1276 1307 1386 1381 proed·

227 1414 306 1478 puae,
321 1421 359 1459 ex
373 1403 426 1459 olco
440 1402 530 1459 lumen
544 1402 688 1460 obscurum
700 1410 813 1479 propter
827 1405 943 1461 neineim
952 1405 1186 1479 prugmtuderem.
1231 1403 1387 1479 Potuitque

230 1502 261 1558 iu
276 1501 338 1558 eius
353 1499 487 1558 saliuario
502 1499 613 1558 lentore
627 1519 680 1576 per
690 1500 834 1559 saliuam
847 1500 946 1559 ludere
962 1500 1092 1560 Catullus
1106 1502 1266 1579 quomodo
1279 1502 1386 1559 PIInius

231 1598 353 1658 saliuam
375 1599 443 1657 dicit
463 1597 651 1658 cochlearum
676 1609 840 1657 ostreorum
867 1617 1069 1676 purpurarum.
1122 1599 1161 1658 V.
1182 1605 1200 1658 8
1224 1598 1385 1660 abstersti

232 1698 299 1756 Ter.
326 1696 401 1754 Eun.
428 1695 480 1753 IV.
509 1713 534 1770 7.
561 1697 780 1774 9abstergerem
807 1699 927 1755 uolnera.
984 1696 1125 1758 Pn'mario
1147 1716 1240 1758 sensu
1265 1697 1384 1758 labella

231 1795 428 1869 abstergere
450 1795 548 1871 posuit
569 1794 688 1855 Plautus
710 1795 792 1855 Asin.
815 1795 868 1855 IV.
886 1814 911 1853 1.
927 1810 964 1868 52

397 1917 479 1988 Quod
496 1920 548 1976 illo
568 1925 658 1977 amem
678 1920 789 1976 simulet
805 1920 891 1995 quasi
904 1917 1032 1994 grauedo
1044 1917 1176 1993 proytuo!

394 2015 458 2073 Hoc
478 2036 511 2073 ne
530 2018 572 2075 ιε’(
588 2018 690 2089 factat,
710 2024 741 2074 tu
761 2015 923 2075 labellum
944 2016 1144 2092 abstergeas

393 2115 496 2173 Potius
515 2133 598 2189 quom
618 2117 765 2191 quosquam
785 2115 895 2172 sauricen
905 2113 1007 2192 faciit!
1018 2113 1117 2190 palam

231 2254 319 2313 quem
334 2236 381 2296 hic
397 2237 543 2297 Catullum
559 2239 700 2299 Imitatum
716 2238 803 2298 fuisse
818 2237 997 2297 crediderim.

272 2335 308 2393 Iu
330 2355 377 2394 uu.
403 2357 428 2395 2.
454 2356 489 2412 13
511 2337 710 2396 ambrosiam
731 2356 799 2397 cum
819 2337 978 2397 editoribus
1000 2336 1138 2395 omnibus
1157 2336 1274 2413 scripsi,
1296 2356 1383 2414 quan·

231 2452 322 2510 quam
337 2445 441 2494 contra
456 2437 581 2495 codices.
624 2435 703 2494 Nam
717 2446 746 2493 et
759 2436 797 2494 ab
812 2435 905 2511 Ibyco
919 2433 997 2510 apud
1011 2433 1198 2492 Athenaeum
1214 2453 1254 2510 39
1269 2436 1384 2494 ambro·

231 2533 274 2591 sia
288 2533 390 2591 dicitur
404 2539 450 2590 τοῦ
463 2537 567 2606 μελιτος
580 2534 766 2592 ἐννεαπλασίαν
778 2537 847 2606 ἔχειν
859 2532 1012 2607 γλυκύτητα,
1026 2543 1055 2591 et
1075 2533 1177 2592 nescio
1198 2551 1239 2591 an
1259 2536 1292 2591 in
1313 2551 1383 2592 uoce

232 2630 370 2690 Sauillum
386 2632 483 2691 luserit
498 2633 636 2703 Catullus,
652 2633 733 2710 quod
753 2649 864 2690 nomen
885 2630 937 2688 fuit
958 2629 1110 2706 placentae
1132 2648 1168 2689 ex
1190 2630 1286 2689 farina
1299 2649 1384 2691 caseo

232 2730 317 2788 melle
345 2749 405 2789 ouo
434 2731 593 2803 coniectae,
616 2742 688 2790 teste
713 2730 828 2790 Catone
850 2728 886 2787 R.
903 2728 939 2787 R.
959 2727 1129 2786 LXXXIV.
1171 2727 1254 2787 Nam
1282 2730 1384 2788 talibus

232 2829 339 2885 sanillis
357 2830 519 2888 ambrosiae
541 2849 652 2889 nomen
674 2830 797 2887 inditum
820 2828 907 2886 fuisse
929 2827 1015 2885 docet
1036 2825 1158 2885 Photius
1172 2844 1195 2884 s.
1211 2846 1240 2885 u.
1256 2829 1384 2898 sevilam·

231 2930 263 2980 τὰ
277 2930 369 2981 νεωστὶ
379 2928 544 2997 ὀληλισμένα
555 2931 654 3001 εἷλφιτα
669 2932 708 2984 καὶ
722 2929 807 2998 μέλιτι
822 2926 956 2996 δεδευμένα
969 2922 1006 2982 οἷς
1020 2928 1058 2979 καλ
1073 2924 1220 2998 ἇσταφῖδει
1235 2929 1275 2982 καὶ
1290 2930 1385 3000 χλωροὶ

231 3023 356 3093 ἐρέβινθοι
371 3029 560 3097 συνεφυρῶντο.
581 3030 690 3082 ἐκάλουν
705 3028 734 3081 δέ
746 3050 811 3083 τινες
825 3026 942 3080 αὐτὸκαὶ
956 3024 1139 3098 ἀμβροσίαν.

626 3272 842 3334 EXCVRSVS
863 3275 901 3334 ad
922 3274 988 3335 CII.

272 3422 464 3499 Epigramma
480 3425 521 3484 sic
535 3428 636 3486 scribit
651 3427 760 3488 Munro
775 3449 803 3506 p.
822 3445 878 3504 ²¹5

315 3547 348 3604 Si
370 3550 551 3626 quicquam
573 3552 677 3610 tacite
699 3555 917 3612 commissum
939 3563 989 3612 est
1011 3552 1082 3613 fido
1104 3555 1145 3612 ab
1166 3557 1280 3615 amico

354 3645 458 3706 Cuius
480 3650 524 3707 sit
545 3650 684 3725 penitus
706 3660 787 3708 nota
809 3652 895 3710 sides
917 3652 1028 3723 animi,

317 3745 441 3821 Meque
463 3765 538 3804 esse
560 3748 716 3806 inuenies
737 3748 881 3820 illorum,
904 3750 976 3808 iure
997 3759 1176 3822 sacratum,

355 3843 502 3914 Corneli,
526 3853 557 3901 et
579 3843 703 3902 iactum
725 3863 777 3903 me
798 3864 873 3904 esse
895 3857 976 3923 puta
998 3846 1261 3924 Harpocratem.

232 3972 239 3996 ‘
255 3966 280 4023 il
290 3964 380 4040 aught
395 3965 447 4023 has
464 3966 541 4022 been
563 3964 700 4025 confided
722 3969 752 4024 in
775 3985 891 4043 secresy
906 3969 944 4044 by
958 3988 976 4027 a
990 3979 1081 4046 trusty
1095 3970 1189 4030 friend
1205 3971 1308 4032 whose
1329 3975 1384 4031 sin·

233 4065 323 4139 cerity
338 4062 372 4122 oi
384 4064 448 4121 soul
464 4064 488 4121 is
503 4063 679 4138 thoroughly
693 4066 810 4141 proved,
825 4084 883 4142 you
899 4067 953 4125 will
970 4066 1031 4125 find
1045 4086 1093 4126 me
1107 4080 1138 4126 to
1152 4069 1266 4145 belong
1281 4082 1313 4128 to
1327 4071 1385 4129 that

231 4162 327 4230 order,
343 4160 533 4219 consecrated
555 4160 623 4218 with
644 4161 694 4220 full
716 4162 801 4239 right,
823 4165 882 4223 and
902 4183 961 4240 you
982 4183 1051 4242 may
1065 4176 1123 4225 rest
1143 4168 1266 4227 assured
1288 4166 1383 4227 thatI

232 4259 305 4317 have
320 4261 443 4317 become
459 4257 507 4315 the
521 4259 581 4332 god
596 4259 630 4318 oi
641 4261 747 4320 silence
763 4261 931 4321 incarnate.'

274 4355 365 4426 Quod
390 4364 457 4430 post
485 4354 556 4415 iido
584 4360 626 4416 ab
654 4361 765 4418 amico
794 4360 913 4419 iufertur
941 4362 1078 4422 illorum
1105 4373 1258 4439 comparat
1285 4364 1383 4422 locum

212 4482 218 4487 ·
231 4453 355 4514 similem
369 4451 448 4513 CXI.
467 4473 492 4525 1,
509 4474 524 4513 2
540 4467 740 4517 contentam
753 4459 871 4518 uiuere
886 4460 962 4520 solo
977 4460 1169 4540 Nuptarum
1183 4460 1268 4521 laus.
