2872 5002
550 305 608 364 AD
629 305 737 365 XCIX

272 464 354 524 Milia
374 484 442 525 cum
463 468 571 526 interea
592 469 752 545 quingenta
773 467 936 527 hortentius
956 466 1016 527 ullo

314 563 470 640 Ingenium
491 564 594 624 Volusi
615 567 747 625 uersibus
768 566 900 625 euomuit

110 680 218 741 Munro

273 805 354 864 Milia
376 825 442 865 cum
464 809 571 867 interea
593 811 753 887 quingenta
774 810 933 870 Hatrianus
954 809 984 866 in
1006 825 1067 866 uno

314 902 531 963 versiculorum
553 924 631 964 anno
651 907 768 983 putidus
789 907 921 966 euomuit

67 1023 118 1080 ubi
134 1023 291 1084 Hatrianus
306 1026 409 1084 dicitur
422 1025 562 1085 Volusius
578 1029 639 1086 siue
655 1027 803 1088 Tanusius
817 1026 961 1087 Gemiuus
976 1028 1013 1085 ab
1028 1025 1133 1084 Hatria
1146 1023 1217 1082 urbe

68 1121 148 1179 iuxta
162 1121 233 1181 Padi
248 1124 322 1182 ostia
336 1124 390 1183 sita
404 1124 487 1182 cuius
501 1124 681 1184 mentionem
696 1125 762 1184 lecit
777 1123 886 1184 Plinius
901 1124 956 1183 111.
975 1144 1031 1200 119
1047 1141 1110 1200 sqq.
1143 1120 1216 1179 Mox

68 1237 97 1275 u.
116 1239 132 1292 9
148 1220 194 1277 hic
209 1221 286 1279 idem
301 1221 342 1279 sic
357 1219 471 1296 supplet

171 1335 277 1395 Parua
299 1337 363 1393 mei
385 1335 467 1393 mihi
488 1337 555 1392 sint
577 1335 673 1394 cordi
694 1347 913 1396 monumenta
933 1336 1106 1394 Phalaeci.

69 1457 145 1516 Mihi
160 1478 276 1536 semper
288 1462 384 1519 uisum
400 1470 443 1519 est
456 1469 534 1518 recte
556 1477 587 1518 se
609 1460 715 1518 habere
730 1461 800 1521 illud
816 1459 1032 1531 Hortensius,
1048 1473 1217 1537 quanquam

68 1574 132 1613 non
146 1558 252 1616 infitior
266 1559 362 1615 minus
376 1568 443 1633 apte
457 1557 505 1615 hic
518 1558 677 1628 inductum,
693 1559 717 1617 si
732 1558 768 1617 de
782 1560 873 1634 ipsius
894 1560 1071 1618 carminibus
1086 1556 1217 1617 Catullus

68 1653 181 1712 dixerit.
224 1654 281 1713 Sed
304 1655 398 1730 potuit
415 1654 503 1712 etiam
520 1664 660 1729 tanquam
673 1653 788 1713 Volusii
805 1664 945 1731 patronus
959 1654 1072 1712 inferri:
1095 1650 1175 1728 quod
1194 1650 1218 1708 si

69 1753 109 1808 ita
123 1752 183 1822 luit,
198 1762 409 1828 pentametrum
425 1751 591 1810 huiusmodi
605 1752 707 1810 credas
722 1751 864 1811 excidisse

213 1875 332 1934 Mense
353 1875 438 1934 leuis
460 1885 543 1950 quot
564 1873 667 1933 habet
687 1885 780 1934 carta
800 1876 884 1952 legit
904 1874 1035 1934 Volusi.

71 1998 145 2056 Mox
161 2000 190 2056 in
205 1998 262 2056 line
276 2017 304 2056 u.
321 2017 338 2071 9
353 1997 502 2056 neminem
517 1998 629 2073 repperi
645 1997 694 2073 qui
709 1996 887 2056 Antimacho
905 1996 1004 2073 potius
1022 2003 1218 2071 opponeretur

71 2096 246 2174 Lamynthio
270 2096 318 2154 illo
344 2095 380 2153 de
403 2111 463 2171 quo
486 2096 528 2154 sic
551 2095 636 2154 tradit
660 2094 829 2153 Athenaeus
853 2108 911 2170 597
934 2094 1016 2148 Ἀλλὰ
1037 2097 1136 2165 μικροῦ,
1157 2095 1218 2163 ἔφη,

70 2196 160 2268 ἄνδρες
173 2197 249 2267 φίλοι
268 2195 424 2264 ἐξελαθόμην
438 2196 496 2264 ύμῖν
510 2195 590 2249 εἰπεῖν
606 2193 652 2264 τήν
672 2216 701 2247 τε
720 2194 876 2266 Ἀντιμάχου
897 2193 981 2262 Λυδὴν
999 2192 1108 2262 προσέτι
1128 2191 1156 2245 δὲ
1177 2193 1219 2246 καὶ

70 2296 116 2364 τὴν
129 2297 261 2363 ὁμώνυμον
281 2292 372 2360 ταύτης
386 2291 486 2364 ἑταίραν
500 2292 592 2362 Λυδήν,
608 2291 637 2362 ἦν
652 2291 737 2364 hydra
758 2291 900 2361 Λαμύνθιος
913 2293 928 2343 ὀ
943 2289 1079 2357 Μιλήσιος.
1101 2290 1220 2359 ἑκάτερος

70 2396 122 2465 γὰρ
137 2390 234 2446 τούτων
246 2395 298 2444 τῶν
316 2395 429 2459 ποιητῶν
449 2392 483 2446 ὦς
502 2396 571 2461 φησι
592 2390 726 2463 Κλέαρχος
740 2390 767 2446 ἐν
781 2393 834 2446 τοῖς
853 2389 999 2461 Ἐρωτικοῖς
1018 2389 1063 2457 τῆς
1082 2386 1219 2459 βαρβάρου

71 2491 153 2559 Λυδῆς
167 2490 202 2545 εἷς
216 2488 350 2558 ι’πιθνμίαν
364 2490 491 2546 καταστάς
504 2488 624 2559 ἐποίησεν
637 2487 651 2543 h
664 2490 711 2558 pir
721 2490 749 2543 ἐν
762 2486 885 2561 ἔλεγιύοιτ
898 2486 913 2540 θ
927 2484 949 2540 δ’
960 2487 988 2541 ἐν
1000 2485 1074 2556 μέλοι
1087 2488 1117 2540 τὸ
1128 2482 1220 2540 καλού·

68 2610 146 2659 μονον
159 2588 252 2656 ποίημα
267 2584 357 2655 Λυδήν.

440 2850 655 2910 EXCVRSVS
678 2851 716 2910 ad
737 2850 847 2911 XCIX.

111 3024 223 3082 Totum
246 3023 303 3081 hoc
328 3041 435 3099 poema
459 3025 564 3081 mirum
589 3034 731 3100 quantum
756 3022 815 3083 olet
839 3023 977 3082 medicos.
1022 3021 1091 3081 Huc
1112 3022 1218 3082 referes

70 3140 180 3199 purgo
202 3141 228 3179 u.
247 3137 264 3195 5
280 3120 329 3200 (cf.
349 3121 422 3179 Plin.
438 3121 478 3180 H.
492 3121 530 3180 N.
546 3122 641 3180 XXV.
658 3137 706 3196 47,
723 3137 758 3195 51
775 3122 825 3180 ubi
847 3121 884 3179 de
905 3120 1023 3179 ellebori
1043 3122 1072 3180 ui
1093 3122 1130 3180 ad
1151 3140 1219 3198 pur·

70 3218 200 3294 gaudum
221 3219 336 3299 agitur),
359 3220 466 3277 diluta
487 3239 514 3278 u.
531 3234 546 3293 η
564 3217 613 3297 (A.
635 3219 746 3278 Gellius
767 3218 865 3277 XVII.
891 3233 936 3292 15,
959 3238 977 3290 4
1002 3218 1127 3277 Candzito
1148 3217 1220 3298 (elle-

71 3314 150 3392 boro)
176 3319 342 3374 stomachum
370 3326 396 3375 et
418 3325 537 3376 uentrem
564 3320 730 3392 supertorem
759 3317 951 3375 uomz'tzonibus
972 3319 1107 3393 purgari,
1135 3319 1221 3394 mgrro

70 3414 166 3471 aluum
180 3435 248 3489 quae
266 3416 387 3492 aufertor
401 3424 516 3473 uocatur
531 3416 633 3487 dilui;
657 3418 798 3491 utriusque
815 3434 870 3473 esse
890 3416 963 3472 hanc
983 3417 1039 3472 ur'm
1062 3422 1094 3472 ut
1112 3433 1220 3471 umores

70 3506 223 3570 noxiosam
244 3514 344 3587 qur'bus
363 3533 463 3571 causas
484 3514 640 3570 morborum
661 3520 727 3571 sunt
744 3512 923 3589 extrahant),
939 3514 1046 3587 guttis
1068 3531 1095 3570 u.
1119 3515 1136 3569 8
1158 3512 1219 3570 siue

69 3608 171 3668 latiore
192 3629 280 3669 sensu
301 3623 450 3686 sumptum
471 3611 508 3669 de
529 3612 678 3670 umoribus
700 3610 747 3668 uel
767 3612 839 3669 ὀπαῖς
860 3610 996 3668 arbomm
1016 3611 1221 3687 interpreteris

70 3705 145 3764 Plln.
161 3706 200 3765 H.
213 3707 250 3764 N.
267 3708 335 3766 XII.
354 3711 409 3766 116
426 3708 518 3767 Surus
538 3728 551 3766 e
567 3710 658 3785 plaga
679 3714 784 3779 manat,
799 3727 876 3784 quem
897 3708 999 3782 orabat
1024 3726 1098 3764 mum
1119 3715 1221 3766 uocant

69 3808 221 3862 suam'tatis
242 3808 371 3877 eximiae,
399 3808 448 3865 sed
471 3810 558 3865 tenuis
581 3813 663 3883 gutta
684 3808 808 3883 ploratu,
836 3805 1086 3883 quemadmodum
1114 3809 1222 3875 δάκρυον

71 3902 151 3978 apud
170 3902 376 3963 Dioscoridem
398 3906 514 3981 saepius
535 3905 682 3983 reperitur,
698 3904 721 3963 I.
739 3920 774 3980 77
791 3905 890 3978 Σμύρνα
911 3907 1019 3978 δάκρυόν
1039 3907 1096 3960 ἐστι
1113 3887 1222 3978 νδένδρου

69 4005 225 4074 γεννώμενον
239 4005 266 4059 ἰν
278 4002 394 4076 Ἀραβίᾳ,
412 4001 523 4060 Herod.
541 4002 581 4060 II.
598 4005 635 4077 96
650 4008 695 4073 τῆς
709 4006 818 4074 ἀκάνθης
830 4008 860 4058 τὸ
874 4006 982 4077 δάκρυον
995 4007 1070 4074 κόμμι
1084 4005 1149 4073 ἐστι,
1159 4004 1221 4060 siue

70 4097 108 4156 de
125 4097 221 4157 Stacle
235 4099 337 4159 DIOSC.
352 4100 376 4159 I.
394 4114 430 4175 73
446 4103 543 4172 στακτὴ
557 4105 671 4156 καλεῖται
687 4106 732 4171 της
753 4104 909 4173 προσφάτου
930 4101 1043 4174 σμύρνης
1059 4104 1089 4157 τὸ
1105 4105 1221 4173 λιπαρόν,

70 4197 133 4254 siue
147 4195 184 4253 de
198 4199 394 4270 ammoniaco,
410 4197 492 4274 quod
507 4197 651 4256 Romanis
664 4208 777 4274 guttam
795 4197 972 4274 appellatum
993 4197 1082 4258 luisse
1103 4207 1223 4258 testatur

69 4303 120 4353 aut
134 4291 321 4354 Dioscorides
336 4306 386 4354 aut
400 4296 504 4373 aliquis
518 4307 648 4355 ueterum
663 4295 719 4353 111.
736 4298 784 4354 88.
814 4295 886 4354 Plin.
901 4295 970 4354 XII.
990 4311 1043 4370 107
1060 4297 1223 4374 Aethiopiae

69 4391 192 4450 subt'ecta
205 4393 313 4472 Africa
327 4396 496 4452 ammomact
513 4396 666 4471 lacrymam
684 4395 775 4452 stillat
794 4396 824 4453 tn
844 4394 959 4453 harenis
972 4397 1039 4469 suis,
1055 4394 1169 4456 XXIV.
1187 4415 1201 4456 a
1205 4413 1221 4473 3

621 4510 669 4550 12
