2872 5002
259 329 320 384 270
661 322 718 382 DE
745 317 1010 382 PARTITIONE

261 491 299 560 48
322 488 439 548 Ianuae.
483 487 574 560 Quod
595 486 795 547 Froehiichius
816 496 846 546 et
867 483 1071 547 Rombachius
1093 483 1223 555 faciunt,
1236 493 1272 551 ut
1285 500 1321 560 3¹
1335 480 1409 559 Δηι·

259 605 313 643 non
335 588 421 644 solum
442 586 492 644 hoc
511 606 539 644 se
559 589 628 645 dicit
644 589 781 663 cognatum
801 585 902 644 haben
921 602 990 644 eum
1009 583 1148 644 oratione
1169 581 1285 643 Catulli
1299 580 1355 661 (ap,
1367 578 1407 659 10)

260 686 438 755 continuent,
451 684 481 745 id
496 685 566 743 mihi
580 685 677 743 minus
692 684 905 743 admittendum
918 683 1041 754 uidemr,
1056 682 1129 759 quia
1143 700 1218 741 curn
1233 690 1321 741 antea
1332 679 1408 741 im

261 784 364 841 dixerit
385 782 540 841 Primum
563 786 655 859 agatur
675 786 757 859 urigo
778 784 852 860 quod
860 785 965 858 serm
984 781 1093 840 tradita
1115 780 1198 838 nobo
1219 779 1341 839 Falsa
1357 783 1408 845 cai:

260 891 493 940 consentaneum
514 893 559 940 est
580 882 669 941 etiam
690 881 761 940 illud
781 880 890 940 addere
903 879 997 956 Atqui·
1014 896 1086 938 non
1101 877 1225 939 solum
1239 877 1294 936 hoc
1310 897 1338 937 re
1352 877 1409 935 aet

260 983 397 1056 cognitum
419 981 541 1048 tabem
570 991 649 1039 certe
669 979 750 1058 quod
774 979 909 1037 ultimum
933 977 970 1037 de
991 978 1115 1036 muliere
1142 976 1256 1036 dicitur
1272 976 1408 1037 Pramo

260 1079 378 1136 addebat
394 1079 527 1154 quendam
549 1077 614 1156 (45)
636 1077 745 1137 Ianuae
764 1078 802 1137 ab
823 1078 961 1137 omnibus
981 1075 1167 1136 conceditur.
1212 1073 1282 1134 Nec
1303 1074 1407 1133 muitum

260 1178 330 1235 mihi
346 1178 441 1254 placet
461 1177 531 1235 illud
546 1176 626 1252 quod
645 1187 714 1252 post
729 1175 914 1234 Schwabium
933 1174 1042 1251 placuit
1055 1172 1192 1233 Frankio
1207 1183 1240 1233 et
1255 1171 1407 1243 Behrendn

259 1288 293 1334 ut
303 1295 350 1334 uu.
369 1291 469 1351 37-40
484 1275 612 1333 Dixerit
623 1276 669 1332 hic
681 1275 786 1350 alz'quis
800 1272 915 1333 Camila
925 1274 1059 1343 tribuant,
1073 1290 1138 1330 non
1149 1271 1278 1334 Iauuae.
1305 1270 1407 1330 Namet

260 1374 333 1432 haec
347 1374 438 1432 uerba
451 1383 519 1432 sunt
534 1391 597 1432 sese
613 1373 813 1450 potiusquam
827 1373 915 1432 alium
934 1371 1165 1449 interpellantis3
1189 1381 1220 1430 et
1234 1370 1407 1430 amatium

260 1473 297 1531 de
319 1491 350 1532 se
371 1471 543 1531 nominatim
564 1471 669 1537 dicere,
692 1472 727 1530 ci.
748 1490 793 1542 ra,
812 1490 858 1544 14,
875 1489 922 1547 34.
966 1469 1147 1546 Quanquam
1170 1470 1282 1530 melius
1302 1471 1344 1528 sic
1361 1468 1405 1526 dis·

260 1572 357 1648 pertiri
371 1589 490 1630 cumen
504 1588 565 1631 non
579 1570 695 1629 infitior.
737 1570 838 1630 Partes
852 1571 931 1628 enim
947 1569 1020 1627 fiunt
1033 1568 1091 1626 hae

423 1703 486 1762 Cat
516 1702 558 1761 Ia·
588 1702 653 1761 Cat
682 1701 724 1761 la.
753 1702 817 1762 Cat.
859 1700 901 1760 Ia.
932 1699 995 1760 Cat.
1037 1699 1080 1759 Ia.
1109 1700 1177 1760 Cat.
1209 1701 1251 1760 ia

445 1787 462 1841 8
526 1788 543 1843 6
610 1804 625 1841 a
694 1803 705 1842 ι
775 1803 787 1841 ι
863 1802 900 1842 ιο
958 1802 972 1841 2
1053 1783 1071 1839 6
1135 1801 1154 1854 4
1222 1785 1242 1840 8

302 2421 427 2481 Comam
442 2420 601 2481 Beronices
615 2439 681 2478 curn
701 2438 738 2477 ex
758 2418 940 2479 Callimacho
960 2421 1136 2496 expresserit
1157 2418 1301 2494 camdus
1315 2421 1410 2482 uiden

259 2518 329 2577 durn
345 2520 375 2577 in
389 2519 498 2596 Elegiis
520 2517 716 2577 Callimachiis
737 2535 882 2593 quaenam
904 2528 1041 2595 appareat
1060 2516 1269 2579 conformatio.
1313 2519 1410 2596 ltaque

260 2621 290 2678 in
312 2623 434 2695 Λούτροις
454 2622 593 2680 Παλλάδος
609 2637 683 2695 quae
698 2618 761 2677 sola
777 2637 814 2677 ex
839 2617 1033 2683 Callimachiis
1052 2627 1133 2679 extat
1153 2619 1250 2697 elegia
1270 2621 1328 2687 hae
1348 2630 1410 2687 sunt

259 2731 355 2794 partes
381 2739 413 2776 ιι
440 2736 1084 2780 101010121010101210121212.
1139 2716 1208 2777 Hae
1229 2725 1410 2794 rependet

259 2817 408 2892 longiores
426 2829 492 2876 sunt
507 2829 535 2876 et
549 2818 665 2894 saepius
686 2816 830 2893 repetitae.
874 2815 977 2892 Neque
998 2815 1053 2873 alia
1074 2826 1120 2874 est
1140 2818 1215 2876 ratio
1237 2817 1410 2882 Catulliana·

259 2932 331 2971 rum.
374 2914 475 2989 Itaque
496 2933 557 2972 non
579 2915 720 2973 assentior
734 2913 860 2971 Frankio
881 2912 1006 2972 Comam
1027 2912 1189 2974 Beronices
1210 2915 1352 2979 minutius
1371 2918 1409 2979 sic

258 3011 439 3069 distribuenti

210 3203 244 3256 ,4
289 3141 1435 3282 (geminantes,ntus-50)(rr-5⁸)(sonna-⁶8)(munina

315 3228 1422 3298 4-ι26488648ι24ι

300 3354 360 3415 Cur
373 3358 452 3415 enirn
467 3368 534 3433 post
550 3377 585 3433 32
603 3358 634 3416 fit
649 3361 783 3434 partitio?
824 3359 934 3418 Versus
949 3368 1017 3417 sunt
1030 3357 1060 3415 hi

341 3508 377 3565 ²9
421 3488 553 3547 Seritam
576 3496 677 3547 maesta
699 3493 794 3547 aarum
817 3493 923 3548 meilens
943 3510 1012 3566 quae
1032 3490 1118 3549 uerba
1139 3492 1232 3551 locuta
1252 3514 1289 3552 es.

339 3606 378 3660 30
426 3632 430 3639 .
461 3587 586 3663 Iuppiter
607 3596 640 3645 ut
658 3591 739 3646 tristi
755 3590 864 3646 lumina
885 3599 962 3664 saepe
983 3608 1075 3647 manu.

340 3707 374 3761 31
424 3686 494 3757 Qm's
515 3695 538 3744 le
559 3692 678 3745 mutauit
696 3695 790 3747 tantus
811 3691 900 3746 deus?
941 3690 991 3746 An
1011 3690 1084 3765 quod
1100 3698 1226 3747 amantes

339 3805 374 3858 3²
459 3785 527 3843 Non
548 3786 626 3862 longe
645 3807 663 3843 a
684 3808 749 3845 caro
769 3799 878 3863 corpore
897 3788 987 3845 abesse
1006 3788 1126 3845 uolunt)

340 3903 376 3959 33
419 3883 511 3958 Atque
532 3884 575 3940 t'br'
591 3904 632 3942 me
652 3889 756 3944 canent
771 3899 829 3962 pro
850 3888 929 3944 dulci
944 3888 1058 3963 contage
1071 3887 1147 3947 drat's

338 4000 375 4054 34
457 3980 526 4039 Non
546 3983 606 4040 sinc
626 3986 739 4042 taurim
759 3988 896 4062 sanguina
912 3987 1040 4061 pollicita
1060 4004 1094 4043 es.

296 4110 384 4170 Nulla
406 4131 504 4188 pausa,
526 4116 573 4174 uel
594 4117 773 4190 breuissima,
788 4119 818 4176 in
832 4118 894 4191 his;
917 4137 972 4177 nec
992 4136 1063 4178 uero
1086 4119 1117 4177 fit
1137 4129 1206 4180 ante
1227 4124 1409 4200 completum

255 4229 283 4269 u.
300 4215 346 4285 38.
389 4211 435 4269 Ibi
448 4214 550 4272 transit
567 4234 584 4273 a
599 4214 742 4276 Beronice
761 4218 799 4276 ad
819 4236 850 4277 se
872 4219 964 4294 ipsam
987 4216 1091 4278 Coma
1132 4216 1242 4292 Inuria,
1259 4221 1288 4279 0
1301 4226 1410 4300 regrina,

253 4317 299 4366 tuo
320 4310 352 4366 de
374 4312 476 4368 uern'ce
499 4315 574 4372 cessi.
617 4314 702 4387 Quae
726 4326 882 4392 postquam
909 4317 945 4375 de
968 4334 1000 4375 se
1027 4334 1045 4374 a
1070 4317 1255 4377 Beronicaeo
1280 4322 1411 4382 abscissa

254 4407 348 4483 capite
363 4408 449 4468 aede
464 4410 541 4470 serro
554 4411 634 4489 ioqui
649 4413 741 4485 desiit,
757 4432 843 4474 uersu
859 4429 894 4486 51
913 4433 992 4474 noua
1013 4434 1079 4491 pars
1093 4414 1239 4475 inducitur
1253 4401 1412 4479 diiunctae
