2872 5002
542 358 788 425 CARMEN
828 359 892 423 III.

360 545 406 609 Et
427 545 528 609 tristis
549 546 650 609 animi
673 545 783 609 leuare
805 545 916 610 curas!

358 765 443 829 Tam
465 775 596 848 gratum
619 775 670 830 est
694 766 772 829 mihi
795 785 896 848 quarn
918 764 1025 829 serunt
1047 764 1176 846 puellae

361 876 484 941 Pernici
507 877 675 940 aureolum
698 877 798 941 fuisse
822 876 955 953 malum,

359 986 459 1068 Quod
482 1007 600 1051 zonam
620 988 719 1052 soluit
741 989 797 1051 diu
821 987 967 1071 ligatam.

686 1173 750 1236 ΙΙΙ.

316 1281 479 1359 LUGETE,
501 1302 522 1345 o
543 1282 691 1346 Veneres
715 1283 970 1365 Cupidinesque,

360 1394 405 1457 Et
427 1404 590 1475 quantum
613 1404 663 1457 est
684 1393 857 1457 hominum
880 1394 1112 1457 uenustiorum.

359 1503 476 1568 Passer
498 1515 645 1568 mortuus
668 1514 718 1568 est
742 1525 836 1568 meae
858 1505 998 1591 puellae,
1091 1481 1096 1490 ”

358 1613 482 1693 Passer,
504 1616 642 1680 deliciae
664 1636 758 1679 meae
780 1615 917 1697 puellae,

181 1839 221 1888 13·
240 1821 395 1876 Priscianus
407 1826 458 1888 54⁶
472 1824 504 1878 P.
518 1824 541 1878 l.
557 1828 587 1878 1⁶
599 1826 638 1879 ed.
652 1824 716 1880 Keil.
740 1825 871 1879 Similiter
883 1825 1006 1879 Catullus
1017 1822 1183 1876 Veronensis
1196 1821 1288 1890 ‘quod

142 1893 259 1946 ‘nonam
277 1894 359 1946 soluit
375 1893 500 1960 ligatam’
517 1897 590 1948 inter
607 1896 847 1964 hendecasyllabos
864 1896 1017 1964 phalaecios
1034 1894 1134 1963 posuit,
1153 1908 1218 1959 ergo
1238 1891 1288 1944 nisi

140 1963 256 2018 ‘soluit’
269 1963 439 2033 trisyllabum
450 1966 573 2035 accipias,
586 1982 681 2019 uersus
692 1973 766 2020 stare
778 1982 833 2019 non
845 1967 938 2034 possit.

139 2174 244 2277 mo
314 2209 372 2278 lpse
397 2229 425 2276 a,
445 2212 575 2265 Auantius
648 2211 704 2264 Issa
728 2211 853 2280 Bergkius
866 2210 957 2281 philol.
975 2210 1028 2262 XI.
1048 2213 1107 2273 385.
1180 2204 1289 2258 Tecum

96 2337 106 2351 1
140 2278 237 2333 ludere
248 2280 320 2333 sicut
331 2280 388 2349 ipsa
400 2296 478 2349 pone
492 2282 592 2334 Vossius
606 2283 679 2351 Vulp.
691 2282 742 2335 Ed.
754 2301 772 2334 a
785 2280 896 2337 Bruner.

180 2366 222 2402 ro.
258 2351 320 2403 Post
341 2371 366 2405 u.
390 2367 421 2402 ro
442 2352 552 2420 spatium
578 2351 693 2406 relictum
714 2371 765 2405 esse
785 2354 812 2404 in
836 2353 916 2404 codice
938 2353 1041 2417 antiquo
1062 2358 1189 2401 testantur
1209 2345 1288 2398 Alex.

142 2419 276 2473 Guarinus
292 2431 318 2473 et
335 2423 454 2474 Perreius
470 2421 540 2489 apud
556 2424 761 2475 lachmannum.
798 2424 886 2489 Itaque
897 2421 1005 2473 Lachm.
1018 2420 1090 2470 unius
1103 2433 1191 2469 uersus
1209 2417 1288 2467 inter·

141 2487 242 2543 uallum
259 2490 301 2541 hic
314 2492 399 2559 posuit
405 2510 415 2575 3·
432 2509 510 2574 quem·
520 2509 577 2544 cum
595 2492 707 2561 Hauptio
723 2504 748 2545 et
767 2493 905 2545 Froehnero
922 2488 1007 2558 (Phil.
1019 2488 1093 2570 Xli'.
1107 2484 1173 2554 575)
1191 2496 1288 2567 secutus

141 2577 380 2682 wilia
388 2555 1289 2698 ttt'ttf'fltt’glittsifltttt‘tt‘tttttlti‘}

140 2698 246 2751 linerat
258 2702 378 2765 fortasse
396 2711 506 2769 peream,
527 2703 577 2753 nisi
597 2712 676 2754 tecum
696 2702 780 2755 ludere
800 2711 856 2753 tam
871 2711 981 2768 gratum
1002 2710 1039 2750 est
1058 2697 1134 2749 κ.τ.λ.
1157 2695 1203 2746 uix
1223 2696 1288 2746 mim

140 2769 234 2820 similis
251 2770 511 2823 dinumeratio
526 2772 596 2840 apud
612 2771 702 2825 ribai
715 2773 738 2824 1.
752 2774 778 2824 6.
795 2785 837 2835 37,
851 2771 905 2822 ‘nt
920 2767 986 2821 mihi
1000 2765 1163 2820 seruandam
1177 2763 1289 2828 credam

142 2838 217 2890 ‘non
229 2853 311 2892 saeua
322 2853 420 2892 recuro
432 2838 563 2906 Verbera,
576 2840 703 2895 detracto
716 2857 772 2892 non
783 2856 836 2906 ego
848 2839 938 2891 uincla
950 2837 1069 2905 pedum!

182 2925 223 2961 11.
259 2923 289 2961 es
308 2909 346 2962 ed.
368 2912 542 2974 Parm.1473
615 2917 657 2963 est
669 2930 717 2963 orn.
733 2910 794 2963 Atd.
807 2913 830 2963 1.
846 2909 960 2977 Scaliger
972 2909 1051 2962 Daer.
1066 2905 1153 2961 Hand.
1168 2904 1289 2974 (Obseru.

136 2990 167 3047 P·
181 2975 231 3046 41)
248 2978 305 3032 Sili·
319 2981 393 3033 ΡΜ·
410 2981 477 3050 Spec-
490 2992 520 3048 p·
534 2996 566 3044 25
630 2982 729 3034 Eadem
745 2991 804 3033 erat
820 2981 899 3048 opinio
917 2979 1077 3047 Coningtonis
1147 2975 1175 3028 id
1187 2988 1235 3045 pro
1248 2980 1290 3027 est

142 3048 420 3171 mepfleysif‘ih,
446 3049 558 3102 fuerunt
572 3050 628 3102 ΛΗ
675 3050 764 3120 puelle
777 3045 1007 3103 semntBLth.

182 3133 224 3170 ru.
284 3133 379 3171 ermrcr

182 3203 223 3252 13.
262 3186 410 3241 Ronamh²
480 3187 590 3255 ligatam
604 3187 880 3255 ,circvmdata
893 3190 1042 3241 Priscianus
1061 3188 1111 3251 54⁶
1124 3187 1201 3251 1³.,1.
1212 3197 1242 3253 p.
1258 3186 1288 3235 16

142 3257 181 3310 ed.
192 3256 251 3309 teu
336 3263 461 3325 negatam
481 3255 514 3311 al.
529 3256 637 3325 ligatam
656 3260 680 3313 G
767 3267 893 3325 negatam
906 3257 1010 3311 La⁹07
1018 3258 1147 3309 Auantius
1159 3256 1290 3321 Martyri-

143 3328 256 3395 Iagm
316 3334 461 3394 negantam
473 3326 502 3380 h’
547 3328 586 3396 Cf.
599 3329 734 3383 Claudiani.
747 3331 862 3382 Fescenn.
877 3342 918 3394 37,
932 3332 956 3392 8,
970 3329 1011 3380 ‘et
1024 3325 1166 3379 seminudo
1178 3331 1291 3392 pectore

143 3395 300 3462 ‘einardum
314 3397 336 3447 F
338 3398 392 3450 orti
405 3404 532 3463 negatum
544 3400 665 3452 solueret
678 3398 812 3451 Herculi!

178 3485 222 3519 uu.
238 3482 321 3531 11-13
337 3468 446 3536 Spengel.
458 3480 536 3521 cernet
548 3487 567 3519 a
576 3470 704 3537 prioribus
721 3469 894 3537 disiungendos
905 3486 958 3520 esse
969 3485 1123 3535 quamquam
1134 3483 1166 3517 ex
1179 3465 1291 3515 carmine

142 3536 209 3603 quod
224 3546 248 3588 et
265 3538 347 3605 ipsum
365 3537 394 3589 de
409 3548 511 3605 passere
528 3541 649 3607 scriptum
659 3542 754 3606 suerit.
831 3538 999 3591 Froehiichius
1018 3555 1073 3587 cum
1093 3533 1254 3586 XXXVIII.
1275 3536 1290 3582 8

143 3606 288 3673 coniungit,-
311 3607 453 3660 Pieitnerus
472 3608 589 3660 Klotzius
609 3611 761 3662 Schwabius
776 3618 872 3677 poam
892 3617 953 3660 ante
969 3607 990 3658 si
1012 3607 1059 3673 qui
1077 3604 1149 3657 forte
1168 3616 1290 3653 mearum

143 3674 491 3741 ineptiarum-irrumabo.
510 3675 634 3747 (XIVb.)
671 3680 837 3731 Rossbachius
855 3697 894 3730 eos
911 3690 960 3745 pro
968 3678 1121 3744 fragmento
1139 3672 1212 3724 habet
1231 3691 1290 3723 car·

142 3746 219 3797 minis
241 3747 311 3798 cuius
332 3748 432 3798 initium
449 3750 560 3815 perierit.
597 3749 646 3800 Sed
664 3752 686 3800 is
703 3760 740 3800 est
758 3767 836 3801 nexus
855 3766 972 3800 uersuum
989 3759 1017 3798 ut
1035 3747 1144 3812 disiungi
1163 3751 1291 3808 nsqrreant.

144 3816 235 3868 Sensus
255 3815 354 3868 uidetur
370 3835 429 3881 esse,
447 3817 522 3868 Nihil
536 3819 600 3870 mihi
613 3828 762 3886 potestesse
779 3819 908 3870 iucundius
926 3836 1002 3884 quam
1021 3834 1076 3867 cum
1095 3826 1198 3882 passere
1210 3811 1292 3862 ludere

143 3885 264 3951 lasbiaq
282 3904 356 3954 neque
366 3889 432 3938 enim
442 3890 564 3954 gratiora
576 3889 722 3941 Atalantae
734 3901 810 3958 poma
828 3899 912 3951 erant,
926 3897 1030 3955 propter
1042 3904 1105 3953 quae
1112 3885 1179 3949 fecit
1192 3883 1220 3933 id
1229 3882 1294 3947 quod

142 3954 344 4021 nolebatsacere,
357 3959 429 4024 uirgo
440 3976 492 4008 esse
502 3958 583 4010 desiit.
622 3960 663 4025 Cf.
677 3960 748 4011 Pohi.
763 3961 866 4027 Specim.
875 3969 918 4026 pp.
934 3972 1017 4007 21-2
1021 3972 1045 4018 5.

693 4061 745 4113 lll.

179 4129 250 4180 inter
263 4127 307 4228 bap
320 4148 341 4180 c.
353 4140 377 4180 et
392 4149 413 4181 c.
427 4131 463 4180 11.
478 4129 576 4182 nulium
588 4132 754 4183 interuallum
765 4131 858 4182 habent
870 4129 968 4180 codices.

181 4252 205 4300 3.
242 4204 375 4312 Pirisero
410 4244 453 4289 est
465 4245 589 4291 mortuus
601 4240 626 4291 h.

180 4366 204 4411 4.
242 4305 377 4400 VQO
440 4367 541 4401 uersum
558 4369 607 4402 om.
621 4345 847 4413 Artenam,
860 4347 975 4400 editiones
987 4355 1047 4398 ante
1058 4346 1120 4399 Atd.
1135 4348 1165 4412 1,
1179 4346 1242 4398 Atd.
1256 4346 1294 4399 Π.

142 4417 274 4470 Guarinus
287 4419 403 4471 Muretus
422 4418 519 4471 Statius
538 4421 659 4485 Dousas.
740 4418 864 4470 Nonnulli
875 4436 930 4470 eum
943 4437 961 4469 a
975 4419 1010 4471 11.
1027 4435 1036 4468 1
1053 4419 1176 4469 inuectum
1193 4427 1293 4485 putant,
