2872 5002
140 342 200 398 256
545 334 603 394 DE
630 331 894 395 PARTITIONE

181 501 240 561 Sed
253 501 327 561 haec
344 504 371 558 ἐν
384 502 455 579 τύπῳ
476 512 591 560 tantum
612 502 686 560 inter
706 519 739 560 se
759 498 942 576 respondent
964 516 1023 559 nec
1044 510 1161 560 exacte.
1200 499 1286 579 longe
1330 568 1332 573 ,

137 600 192 658 alia
212 610 272 658 arte
296 617 365 658 usus
386 610 430 657 est
452 598 582 675 singulas
604 610 701 675 partes
720 598 752 656 in
773 614 915 656 numeros
939 596 1151 658 distribuendi
1195 598 1287 672 Qun

138 709 201 757 toto
230 710 366 775 poemate
394 699 469 757 adeo
498 697 642 773 quadrant
669 708 702 756 ut
729 697 780 756 uix
808 696 947 773 cuiquam
976 697 1099 772 possint
1127 697 1236 758 fortuiti
1256 699 1289 758 ui

138 796 206 855 deri.
262 795 360 872 Negat
385 795 414 853 id
439 793 583 853 Frankius
608 794 639 852 in
667 814 754 871 1-49,
780 809 920 869 251-322
985 793 1070 855 Nam
1098 796 1132 855 in
1156 812 1290 873 πει-3η,

139 913 256 953 uersum
272 905 371 953 censet
386 892 538 962 excidisse,
555 891 714 969 Berginium
730 906 758 952 et
773 893 993 953 Rossbachium
1015 906 1140 954 secutus
1155 895 1206 973 qui
1219 897 1291 957 unta

138 1012 240 1052 uersus
253 993 389 1052 lacunam
403 1002 506 1050 notant
527 1002 596 1067 post
612 1007 689 1067 253;
711 994 800 1070 idque
820 1001 853 1050 ut
873 992 985 1052 faciant
1009 991 1074 1065 om·
1091 999 1152 1052 {um
1174 996 1251 1073 quod
1268 997 1292 1053 iu

138 1092 269 1170 plurimis
283 1092 433 1151 codicibus
447 1091 551 1167 legitur
564 1090 594 1149 in
612 1089 691 1162 Quae
703 1098 760 1150 tum
781 1102 939 1162 mutarunt,
953 1091 1047 1151 credo
1069 1104 1105 1151 ut
1127 1104 1207 1152 esset
1226 1092 1293 1152 unde

138 1191 329 1268 explicaretur
342 1188 460 1246 Harum
475 1185 562 1266 (256)
577 1188 651 1245 alrire
664 1186 759 1267 (261).
802 1186 862 1247 Sed
875 1198 926 1247 aut
942 1187 1109 1266 legendum
1124 1201 1171 1249 est
1191 1191 1293 1250 Hom

138 1289 216 1359 alr'ei,
231 1299 288 1358 aut,
303 1287 382 1364 quod
402 1287 497 1364 magis
518 1285 616 1357 credo,
631 1297 720 1362 poeta
741 1305 808 1346 cum
829 1287 861 1344 in
881 1287 984 1346 animo
1006 1286 1134 1347 haberet
1155 1288 1294 1349 Bacchas

139 1397 201 1445 tum
216 1387 383 1464 imaginem,
398 1404 416 1443 a
431 1383 540 1462 Satyris
562 1396 592 1445 et
614 1385 717 1445 Silenis
737 1385 776 1444 ad
797 1385 922 1445 seminas
943 1387 1058 1445 transiit
1079 1404 1160 1462 quae
1181 1406 1248 1447 cum
1265 1390 1295 1447 ris

140 1484 288 1544 Bacchum
303 1485 522 1543 comitabantur.
559 1484 624 1544 Nec
638 1503 709 1544 uero
724 1487 753 1544 in
768 1505 845 1560 1·⁴9
860 1485 1022 1563 quicquam
1036 1486 1164 1562 periisse
1176 1505 1294 1561 oensem

139 1601 241 1643 uersus
255 1584 334 1641 enim
353 1583 497 1659 relliquias
520 1600 609 1659 quem
633 1583 808 1643 Scholiastes
828 1581 1012 1642 Veronensis
1033 1584 1133 1642 attulit
1154 1586 1193 1644 ad
1213 1584 1293 1662 Verg.

25 1741 38 1767 ·
139 1684 216 1740 Aen.
232 1680 267 1739 V.
285 1682 323 1738 80
338 1698 400 1738 non
421 1680 492 1738 tanti
514 1679 601 1750 facio,
621 1690 653 1739 ut
675 1691 778 1740 contra
798 1680 936 1740 codicum
957 1683 1166 1742 auctoritatem
1186 1682 1294 1743 Catullo

140 1777 299 1848 inferciam,
314 1796 434 1836 mancas
449 1777 619 1853 praesertim
640 1789 678 1847 et,
693 1794 873 1853 quamquam
887 1777 927 1836 ad
941 1796 1065 1839 sensum
1082 1790 1178 1857 aptas,
1191 1781 1294 1858 reliquo

140 1877 260 1934 carmini
275 1893 329 1933 nec
344 1875 543 1934 concinnitate
558 1877 715 1934 uerborum
730 1894 785 1934 nec
806 1877 937 1935 numeris
957 1877 1181 1937 conuenientes
1222 1877 1293 1936 Nam

139 1992 275 2031 uersuum
296 1992 371 2048 1-49
388 1984 502 2050 septem
524 1984 591 2031 sunt
612 1974 755 2047 περικοπαί,
774 1993 807 2032 ιι
829 1992 865 2032 ιο
882 1986 948 2049 9.7
964 1990 1062 2049 .543;
1085 1991 1211 2051 quarum
1225 1993 1293 2052 quae

140 2073 223 2130 tertia
245 2082 289 2130 est
313 2073 343 2130 in
367 2090 384 2145 3
407 2089 428 2133 ><
449 2090 466 2146 3
492 2071 640 2141 scinditur,
666 2090 720 2131 nec
745 2072 834 2130 alium
858 2088 977 2130 uersum
1000 2072 1112 2148 recipit
1156 2071 1253 2144 Quem
1266 2071 1293 2131 's'

140 2171 291 2229 admiseris
309 2187 496 2227 numeronrm
518 2169 592 2245 perit
613 2169 797 2227 concinnitas
808 2189 816 2242 3
838 2186 918 2227 nunc
939 2168 1019 2226 enim
1040 2178 1099 2228 tres
1119 2170 1232 2245 primae
1245 2169 1289 2248 (11

144 2288 179 2327 ιο
195 2267 226 2346 9)
242 2287 259 2325 a
273 2269 370 2326 media
384 2266 429 2347 (7)
452 2268 568 2326 duobus
589 2267 730 2339 uersibus,
745 2267 860 2326 duobus
881 2267 969 2325 etiam
990 2275 1051 2324 tres
1071 2266 1193 2328 ultimae
1213 2266 1293 2347 (543)

140 2378 317 2444 separantur.

182 2465 359 2542 Sequentem
375 2477 487 2541 partem
502 2464 638 2521 carminis
654 2478 772 2538 50-151
790 2463 831 2521 sic
845 2461 960 2521 ordino.

389 2656 425 2695 10
488 2638 589 2695 8810
652 2639 749 2694 811
798 2654 830 2692 ιι
876 2638 915 2694 88

182 2734 381 2794 Frankiussic
410 2731 671 2813 2l1888ltl⁶8
718 2752 751 2791 ιι
801 2753 833 2791 ιι
879 2735 978 2801 86112

142 2928 226 2985 Haec
241 2937 301 2983 tam
322 2943 415 3002 prope
430 2927 503 2984 inter
518 2943 549 2984 se
565 2926 724 2985 conuenire
740 2938 771 2984 ut
787 2942 880 3001 paene
899 2924 1003 2982 eadem
1019 2923 1087 2993 sint,
1102 2924 1202 2982 statim
1216 2926 1292 2984 intel-

141 3025 250 3099 legitur.
294 3021 353 3080 Sed
373 3040 433 3081 non
455 3025 542 3082 uideo
557 3025 748 3100 quamobrem
764 3041 811 3081 uu.
828 3037 876 3096 50,
892 3038 927 3095 51
945 3023 983 3081 ab
1005 3031 1075 3081 octo
1097 3025 1292 3098 sequentibus,

141 3140 196 3179 nec
211 3120 401 3196 quamobrem
421 3138 486 3193 130,
506 3139 558 3194 ¹3¹
578 3140 659 3179 asen
680 3121 920 3197 praecedentibus
934 3120 1102 3180 seiunxerit.
1149 3123 1215 3182 Nec
1228 3139 1293 3180 uero

141 3229 277 3294 quattuor
292 3232 392 3274 uersus
408 3220 506 3293 76-79
522 3220 561 3276 ita
576 3238 593 3276 a
608 3219 748 3294 proximis
764 3231 810 3293 75,
826 3223 865 3277 80
880 3229 1050 3296 separantur
1070 3233 1103 3280 ut
1125 3222 1214 3281 aliam
1235 3238 1294 3296 par·

142 3317 272 3375 titionem
297 3311 412 3385 iaciant,
438 3334 626 3374 numerorum
651 3326 749 3374 autem
773 3317 889 3374 turbent
910 3316 1037 3375 ordines.
1080 3318 1175 3378 Sina
1198 3330 1293 3392 50-75

142 3412 296 3491 separandi
318 3422 385 3469 sunt
409 3413 537 3487 76-rr5‚
560 3413 714 3490 separandi
736 3423 803 3472 sunt
824 3413 911 3471 etiam
933 3415 1081 3488 116-131,
1101 3425 1135 3474 ut
1156 3427 1228 3493 pote
1249 3414 1295 3492 qui

141 3514 292 3571 transitum
318 3509 425 3569 faciant
449 3511 486 3569 ad
513 3530 621 3570 nouam
646 3522 758 3587 partem
780 3512 914 3570 carminis
937 3509 996 3569 Sed
1014 3513 1085 3586 quid
1100 3533 1150 3590 ego
1170 3533 1189 3571 α
1204 3515 1296 3588 prrino

140 3612 281 3686 digressus
295 3611 419 3668 carmine
427 3611 516 3687 plura
534 3609 741 3670 commemorem
753 3614 769 3665 ,θ
789 3613 863 3667 κ.τ.λ.

183 3708 319 3780 Querella
333 3709 480 3767 Ariadnae
495 3707 663 3784 (132-201)
678 3708 749 3765 nihil
769 3707 950 3766 artificiosius
972 3705 1105 3766 Catullus
1120 3707 1295 3784 composuit.

141 3805 179 3863 Et
193 3805 334 3864 Frankius
349 3806 468 3882 quidem
483 3824 547 3863 eam
562 3807 593 3863 in
608 3806 668 3864 duo
683 3805 785 3863 diuidit
800 3801 844 3881 (ι)
864 3817 1002 3879 ι3ι-ιγο
1017 3802 1128 3862 Sr'ccrire
1141 3824 1183 3863 me
1190 3807 1297 3880 patriis

140 3903 257 3961 —Fors
270 3905 351 3961 elilim
365 3905 469 3961 nostris
480 3903 584 3959 rizardi!
596 3904 733 3979 questr'bus
744 3905 835 3961 aurr's.
858 3898 902 3980 (2)
921 3916 1057 3976 171-201
1072 3902 1200 3979 Iuppr'ler
1209 3905 1295 3961 omni·

136 4000 446 4076 polens—Talr‘mente,
461 3999 546 4070 Deae,
556 4003 687 4079 funeste!
703 4020 780 4075 seque
800 4018 920 4075 suosque.
965 3999 1034 4057 Hoc
1054 4000 1123 4059 ideo
1145 4019 1209 4060 non
1230 4018 1296 4076 pro·

139 4101 269 4157 bauerim
291 4099 370 4175 quod
386 4095 428 4177 (a)
443 4116 506 4156 non
528 4099 687 4174 aequabilis
709 4099 830 4174 partium
854 4107 898 4156 est
919 4097 1082 4173 proportio,
1098 4116 1166 4156 cum
1185 4099 1233 4156 illa
1249 4118 1296 4175 39,

138 4197 211 4255 haec
228 4216 262 4271 31
280 4214 382 4255 uersus
396 4196 503 4255 habeat
516 4194 559 4275 (b)
574 4214 628 4255 suo
643 4197 758 4255 arbitrio
779 4195 917 4253 disiunxit
932 4213 1008 4271 quae
1022 4213 1054 4253 re
1069 4196 1295 4272 coniunguntur.

138 4293 217 4352 Nam
236 4311 375 4352 uersuum
393 4295 533 4367 164-170
555 4295 659 4353 eadem
680 4293 739 4352 sere
761 4303 806 4351 est
828 4293 973 4352 sententia
986 4311 1063 4370 quae
1078 4310 1126 4351 uu.
1146 4296 1295 4369 177-187,

137 4401 169 4449 ut
192 4392 241 4448 uix
264 4391 389 4466 partium
411 4393 526 4468 possint
547 4411 612 4452 esse
634 4409 753 4468 prorsus
776 4402 974 4468 separatarum
994 4409 1029 4450 ac
1052 4390 1237 4451 dissimilium
1257 4389 1296 4469 (c)
