2872 5002
239 368 298 423 292
649 359 706 419 DE
727 357 990 422 PARTITIONE

280 527 315 588 C.
336 528 469 587 XXXVI
490 527 639 587 XXXVII
660 529 732 587 mire
752 529 828 587 inter
844 545 877 587 se
898 526 1096 587 conueniunt:
1119 544 1189 584 nam
1205 536 1240 585 ut
1255 528 1287 584 in
1305 542 1397 587 roxa

238 638 393 705 utrunque,
412 629 453 687 ita
474 629 579 704 singuli
602 627 671 686 deni
691 646 744 703 per
759 627 816 686 hos
836 645 975 686 numeros
994 646 1019 699 2,
1037 645 1054 701 3
1075 625 1128 685 sed
1147 626 1230 684 uarie
1250 624 1399 684 ordinatos

239 725 417 801 digeruntur.
460 727 495 784 In
513 726 657 784 XXXVI.
677 744 709 783 rr
728 727 882 784 transitum
904 725 1013 784 faciunt
1034 725 1124 787 uerba
1145 721 1237 782 Nunc
1251 742 1268 781 o
1281 723 1398 781 caeruleo

237 831 329 902 creato
354 832 444 901 ponto,
470 825 500 883 in
525 823 686 883 XXXVII.
712 842 744 881 11
771 824 875 882 Puella
902 843 966 882 nam
989 824 1032 881 mr'
1051 842 1120 899 quae
1145 841 1204 879 mee
1225 821 1398 899 transegit.

239 923 304 980 Iam
319 923 452 981 XXXVI
468 934 489 979 Α
503 925 534 981 in

734 1017 900 1087 [ἡ

728 1062 906 1164 erp-3¹2

239 1212 370 1284 discedit,
386 1212 550 1289 pariterque
573 1210 722 1270 XXXVII
743 1223 774 1282 A,
796 1228 967 1289 quanquam
987 1210 1226 1286 interpunctione
1248 1207 1395 1278 dissimili;

239 1309 296 1368 hoc
318 1312 397 1368 enirn
418 1311 460 1369 sic
481 1327 513 1368 se
534 1308 622 1369 habet
639 1329 686 1385 23,
704 1329 763 1384 3²3
785 1309 856 1368 illud
878 1309 918 1368 sic
940 1327 966 1377 2,
988 1327 1036 1384 33,
1052 1325 1078 1367 a.
1120 1305 1258 1366 XXXVI
1274 1318 1294 1362 a
1309 1306 1396 1365 autin

242 1427 320 1483 3223
337 1420 385 1466 aut
400 1410 430 1466 in
447 1427 525 1483 2323
542 1407 691 1467 scinditur.
734 1407 845 1466 Versus
860 1417 928 1466 sunt

444 1529 532 1589 Nunc
552 1550 567 1587 o
587 1532 710 1587 caeruleo
730 1538 823 1588 creata
839 1536 932 1606 ponta,

450 1631 527 1701 Quae
548 1638 672 1688 sanetum
694 1629 819 1688 Idalium
849 1628 978 1705 Vrr'osque
999 1636 1115 1705 apertos,

449 1728 575 1803 Quaeque
594 1728 712 1786 Ancona
736 1728 909 1802 Cnidumque
929 1727 1151 1785 harundinosam

449 1825 534 1896 Colis,
555 1845 673 1901 quaeque
693 1827 877 1897 Amathunta,
898 1845 1017 1901 quaeque
1041 1824 1153 1902 Golgos,

449 1923 576 1999 Quaeque
596 1923 795 1983 Durrachium
816 1926 926 1983 Adrrae
947 1925 1099 1994 tabernam,

242 2048 341 2107 Possis
369 2058 418 2106 aut
442 2058 511 2124 post
537 2054 643 2122 opertos
668 2049 795 2107 incidere
825 2060 873 2108 aut
901 2058 970 2126 post
997 2048 1231 2106 harundinosam.
1276 2046 1346 2106 Hoc
1370 2048 1396 2104 in

243 2146 367 2205 Horatio
395 2148 568 2222 probaturus
597 2165 676 2205 eram
683 2166 691 2220 ;
724 2147 794 2206 illud
823 2149 853 2206 in
878 2147 994 2207 Catullo
1023 2146 1154 2224 praetuli,
1180 2157 1213 2204 ut
1242 2146 1396 2224 simplicius

243 2245 407 2324 (artificium
430 2246 509 2303 enirn
530 2245 605 2321 sapit
626 2244 696 2303 illud
718 2244 913 2303 Horatianum
934 2255 965 2304 ut
987 2261 1096 2302 nouam
1121 2242 1278 2320 stropham
1303 2260 1396 2302 uersus

242 2343 360 2401 inducat
374 2344 456 2401 cuius
471 2351 538 2419 post
552 2343 681 2418 primum
698 2343 873 2401 uocabulum
896 2339 1120 2418 interpungitur)
1135 2350 1164 2399 et
1178 2342 1250 2418 quia
1272 2340 1396 2400 Catullus

241 2442 371 2500 carmina
386 2442 440 2500 nisi
455 2442 652 2516 interpunctio
669 2440 700 2497 in
719 2441 777 2499 fine
791 2459 893 2500 uersus
907 2442 1042 2516 quamuis
1055 2439 1128 2498 leuis
1143 2440 1239 2511 suerit,
1251 2458 1316 2498 non
1330 2439 1395 2499 solet

241 2540 377 2599 incidere.
420 2539 465 2597 Ea
483 2558 573 2618 quam
591 2539 650 2597 leui
669 2549 774 2611 utatur,
790 2558 826 2598 ex
842 2538 1000 2597 XXXVII.
1020 2556 1117 2597 11-20
1132 2538 1319 2615 intellegitur.
1360 2534 1396 2594 Hi

243 2639 321 2697 enim
339 2656 440 2697 uersus
459 2639 490 2695 in
511 2658 588 2713 3322
606 2638 767 2708 discedunt,
789 2656 915 2714 quorum
936 2655 1125 2697 numeromm
1146 2649 1216 2713 post
1237 2637 1395 2697 secundum

243 2748 271 2795 et
293 2748 426 2813 quartum
448 2736 652 2794 tantummodo
676 2737 763 2812 plena
785 2735 816 2794 fit
838 2735 992 2794 distinctio.
1035 2733 1218 2811 Quanquam
1240 2753 1303 2793 non
1324 2749 1395 2809 nego

243 2835 333 2891 rarius
348 2832 492 2891 Catullum
515 2836 570 2891 nisi
593 2836 622 2891 in
643 2835 702 2891 line
723 2852 825 2892 uersus
846 2835 1019 2892 sententiam
1033 2833 1184 2892 claudere:
1208 2835 1303 2891 rarius
1317 2834 1395 2909 igitur

240 2936 378 3003 περικοπῆς
392 2932 480 2989 finem
495 2951 512 2990 a
526 2933 584 2990 fine
600 2933 766 3008 disiungere
787 2934 956 2992 sententiae.
999 2932 1034 2990 In
1050 2930 1209 2989 XXXVII.
1229 2935 1265 2991 18
1282 2939 1395 2991 nonest

242 3031 323 3103 quod
346 3029 469 3085 multum
491 3030 630 3103 haereas;
664 3033 793 3108 sequitur
818 3034 897 3090 enim
924 3031 1078 3089 uocatiuus
1105 3029 1225 3105 Egnati
1255 3031 1307 3106 qui
1336 3044 1396 3087 cum

243 3127 396 3202 emphasin
408 3128 557 3202 quandam
572 3147 640 3204 prae
655 3148 686 3188 se
701 3130 781 3201 ferat,
796 3131 826 3188 in
841 3130 922 3188 initio
936 3147 1032 3188 nouae
1046 3133 1185 3202 περικοπῆς
1195 3139 1275 3187 recte
1291 3128 1396 3204 positus

242 3235 292 3282 est.
336 3223 400 3282 Iam
414 3226 535 3297 σχήματα
549 3228 711 3287 carminum
726 3241 793 3288 sunt

549 3359 682 3419 XXXVI
726 3372 847 3436 Α2332
958 3370 1090 3433 Β2323.

551 3457 699 3517 XXXVII
727 3472 747 3514 n
773 3478 849 3534 2332
960 3468 978 3513 Β
1003 3475 1090 3533 3322.

285 3605 318 3665 C.
341 3606 428 3665 XLII
451 3605 604 3665 Richterus
629 3607 772 3667 Frankius
795 3607 992 3684 Westphalius
1013 3624 1068 3682 pro
1090 3624 1121 3664 se
1142 3605 1271 3682 quisquc
1296 3606 1395 3665 diuise·

244 3717 320 3763 runt.
362 3704 401 3763 Et
422 3704 564 3763 Frankius
586 3707 705 3782 quidem
726 3707 912 3783 prooemium
932 3707 963 3764 in
985 3723 1021 3764 eo
1043 3704 1181 3763 discernit
1195 3715 1224 3763 et
1240 3714 1299 3764 tres
1320 3704 1395 3781 quasi

245 3814 326 3863 actus
341 3821 465 3880 quorum
480 3805 620 3880 cuiusque
635 3806 724 3863 finem
739 3806 923 3864 intercalares
936 3822 1038 3863 uersus
1057 3822 1101 3874 11,
1121 3822 1166 3879 19,
1184 3823 1223 3875 24
1238 3804 1367 3863 indicant

664 3933 819 4016 23l133;
845 3957 920 4013 233;
947 3957 982 4012 13

246 4072 281 4129 In
303 4091 362 4149 quo
384 4091 402 4129 a
422 4089 492 4128 uero
514 4069 584 4128 mihi
598 4069 713 4129 uidetur
734 4070 889 4129 abhorrere
915 4070 997 4147 quod
1022 4071 1040 4126 6
1066 4067 1279 4143 Persequamur
1299 4085 1356 4124 eam
1375 4071 1396 4121 et

246 4171 430 4246 restagrtemus
451 4186 519 4226 curn
541 4170 686 4245 prioribus
708 4188 769 4228 non
791 4170 951 4246 coniungit,
966 4170 1058 4244 iungit
1079 4185 1148 4226 cum
1170 4185 1207 4227 eo
1229 4167 1280 4244 qui
1300 4163 1393 4225 melius

247 4289 357 4330 nouam
372 4271 510 4342 περικοπὴν
522 4269 623 4348 incipit
641 4285 656 4346 7
674 4270 750 4343 Quae
763 4272 802 4330 se't
812 4272 956 4346 quaeritis.
988 4268 1048 4327 Illa
1061 4287 1145 4344 quam
1160 4269 1269 4327 uadetr's.
1302 4266 1392 4338 Quare

249 4368 378 4427 Richteri
403 4367 631 4447 Westphaliique
655 4370 786 4446 praefero
811 4370 983 4446 opinionem
1008 4376 1103 4427 totum
1128 4385 1250 4426 carmen
1275 4368 1305 4425 in
1328 4365 1392 4424 duas

248 4476 346 4544 partes
364 4485 450 4540 2-22,
469 4487 564 4541 22-24
580 4468 781 4543 diffidentium,
796 4469 917 4528 alteram
932 4469 1062 4528 clausam
1083 4483 1171 4527 uersu
1188 4464 1293 4539 Redde,
1301 4461 1392 4541 putida
