2872 5002
137 318 196 374 244
542 312 599 372 DE
627 309 890 372 PARTITlONE

137 493 296 553 uersuum;
320 491 470 559 postremo
491 482 516 540 si
534 480 612 558 quali
633 479 725 539 modo
746 497 867 539 carmen
889 490 921 538 tu
941 478 1019 539 facis
1041 478 1185 549 diuisum,
1198 478 1286 538 eodan

139 580 187 638 uel
212 580 298 638 simili
322 579 411 639 alium
435 579 586 654 intelleges
613 578 644 637 id
671 575 821 649 diuisisse;
853 576 979 653 negabis
1003 575 1085 636 haec
1108 578 1213 636 omnia
1232 592 1289 634 mm

139 680 282 749 euenisse,
297 677 334 737 ad
349 676 505 737 consilium
519 675 626 735 referes
640 673 756 734 Catulli.
800 673 859 733 Sed
876 673 983 733 dixerit
1003 674 1117 751 aliquis
1131 694 1141 746 ;
1163 684 1196 732 tu
1208 670 1290 732 Catul-

139 776 200 835 lum
225 785 312 852 putas
336 775 385 834 tali
410 793 442 834 se
467 774 585 834 uinculo
613 775 820 833 obstncturum
847 771 936 831 luisse
965 782 998 831 ut
1025 771 1133 848 legem
1158 771 1291 848 quandam
1332 806 1334 813 ·

140 874 286 933 scribendi
301 875 355 934 sibi
370 884 548 951 proponeret
562 873 647 932 certis
666 871 795 930 numeris
813 870 1010 942 terminatam,
1023 888 1159 947 eamque
1179 876 1293 929 seruaret

140 985 316 1045 constanter,
341 992 397 1032 nec
425 974 584 1050 quicquam
612 982 716 1047 postea
744 969 888 1029 mutaret?
906 968 983 1029 ,hoc
1011 982 1061 1029 est
1091 969 1291 1028 anthffletictm

140 1070 245 1142 iacere,
259 1090 322 1131 non
343 1082 471 1149 poetam.
513 1069 735 1146 Respondebis;
757 1069 831 1127 etsi
853 1077 997 1145 putarem,
1018 1085 1088 1127 non
1110 1067 1206 1127 multo
1224 1067 1293 1126 alu

141 1181 275 1246 putarem
288 1169 393 1228 fecisse
408 1187 496 1245 quam
511 1167 642 1227 lecerunt
656 1166 799 1225 Pindarus
819 1165 1019 1226 Callimachus
1033 1165 1220 1226 Theocritus
1238 1165 1292 1236 aliu

141 1277 170 1326 et
184 1279 215 1326 ut
229 1267 342 1326 consilii
356 1279 470 1343 partem
484 1283 625 1325 numeros
642 1266 760 1336 habeas,
775 1282 837 1323 non
858 1281 981 1324 necesse
1003 1273 1050 1324 est
1073 1265 1120 1324 sic
1141 1265 1255 1334 habere,
1266 1274 1293 1323 ut

141 1374 299 1441 antequam
313 1364 468 1441 scripserit,
483 1373 577 1422 totum
592 1367 681 1436 σχῆμα
694 1362 787 1421 oculis
802 1361 963 1421 uelanimo
981 1350 1152 1439 praefixum
1174 1362 1292 1421 tenuerit

142 1461 222 1521 Casu
247 1462 327 1520 enim
348 1462 440 1538 potuit
460 1463 600 1535 περικοπὴν
619 1459 715 1519 lacere
737 1459 841 1518 decem
862 1475 1002 1518 uersuum
1024 1460 1167 1535 primam,
1184 1459 1292 1518 alteram

142 1570 228 1633 octo‚·
253 1561 277 1619 si
299 1562 411 1619 tertiam
432 1570 511 1629 octo,
532 1569 665 1636 quartam
685 1558 798 1629 decem,
821 1557 869 1616 uel
891 1556 996 1616 decem
1018 1559 1149 1629 tertiam,
1170 1568 1292 1636 quartam

141 1670 210 1716 octo
234 1659 350 1729 faceret,
372 1659 402 1716 id
425 1659 474 1717 uix
497 1658 635 1717 haberem
657 1674 712 1734 pro
733 1656 869 1729 fortuito;
900 1656 953 1716 sed
975 1666 1076 1716 tamen
1103 1656 1293 1734 exspectanda

141 1766 219 1814 esset
242 1757 330 1814 totius
353 1757 516 1833 partitionis
539 1756 633 1833 qualis
655 1763 733 1814 essct
754 1765 784 1814 et
806 1755 911 1833 quibus
935 1755 1068 1814 numeria
1090 1755 1229 1815 cont'ecta
1249 1754 1292 1812 de

143 1853 268 1929 scriptio.
312 1853 434 1929 Saepius
455 1855 535 1913 enim
556 1872 625 1914 eum
645 1871 715 1913 casu
737 1853 778 1912 sic
799 1854 986 1929 coniungitur
999 1852 1171 1926 consilium,
1185 1866 1216 1912 ut
1228 1870 1291 1912 oon·

143 1950 237 2009 silium
252 1950 396 2009 dominari
411 1951 499 2022 dicas,
516 1969 617 2010 casum
631 1951 727 2010 inesse
741 1968 803 2010 non
817 1969 915 2026 neges

183 2047 225 2107 Vt
245 2050 283 2108 ab
305 2048 440 2109 Homero
455 2048 597 2120 exordiar,
614 2067 651 2109 ne
666 2050 712 2109 hie
730 2049 849 2126 quidem
870 2049 977 2109 desunt
996 2049 1085 2110 huius
1105 2053 1150 2109 rei
1171 2049 1291 2125 uestigia.
1310 2036 1314 2043 ¹

142 2143 348 2205 Disseruerunt
357 2147 393 2205 de
402 2166 438 2207 ea
446 2165 477 2206 re
486 2145 648 2206 Koechlius
656 2146 916 2207 Ribbeckius¹alii
938 2145 999 2207 Sed
1009 2159 1042 2207 ut
1050 2159 1168 2208 certum
1176 2149 1291 2225 partium

143 2244 277 2304 ordinem
289 2263 377 2304 nemo
388 2246 563 2323 quaesiuerit
577 2247 606 2302 in
621 2246 789 2321 simpliciori
803 2246 932 2305 carmine
945 2257 974 2305 et
988 2263 1026 2305 ex
1039 2245 1142 2306 multis
1153 2247 1291 2316 conlecto,

144 2343 183 2401 ita
197 2343 334 2420 ambigua
354 2344 493 2421 pleraque
514 2361 589 2420 quae
610 2342 756 2403 ducuntur
777 2344 920 2421 exempla,
934 2345 1084 2404 rarissima
1104 2364 1183 2422 quae
1204 2346 1291 2405 consi·

143 2442 214 2500 lium
239 2443 365 2520 prodant
388 2454 502 2519 poetae.
554 2442 719 2501 Sententiae
742 2443 822 2501 enim
843 2453 875 2502 ut
898 2443 990 2502 modo
1013 2442 1132 2503 duobus
1158 2446 1291 2512 uersibus,

143 2540 235 2599 modo
263 2541 354 2600 tribus
382 2541 578 2611 terminentur,
606 2539 636 2598 id
669 2551 774 2616 sponte
802 2540 915 2611 accidit,
943 2558 1005 2599 non
1033 2543 1172 2602 consilio.
1227 2541 1293 2600 Sunt

144 2649 243 2697 umen
272 2640 412 2698 nonnulla
440 2640 579 2716 quaesita,
607 2638 696 2698 ueluti
724 2657 792 2698 cum
821 2638 948 2716 Chryses
968 2639 1155 2721 ,Apollinem
1189 2642 1235 2700 bis
1265 2641 1292 2698 in

145 2737 252 2796 eodem
274 2736 347 2796 libro
373 2748 506 2814 precatur
530 2737 563 2796 ll.
588 2748 617 2796 A.
643 2750 752 2812 37-42,
783 2739 933 2812 451-45⁶‚
958 2755 1010 2796 sex
1035 2741 1172 2799 uersibus
1199 2752 1293 2799 uotum

145 2830 176 2887 in
189 2841 312 2907 utroque
332 2831 398 2889 loco
419 2832 585 2903 conficitur;
609 2832 638 2889 in
656 2833 740 2891 tertio
759 2832 834 2891 libro
855 2831 971 2891 Helena
985 2830 1126 2892 Paridem
1146 2833 1292 2911 alloquitur

146 2944 256 2985 nouem
284 2929 425 2999 uersibus,
455 2948 565 2988 nouem
594 2929 674 2989 Paris
702 2928 851 2989 Helenam
879 2929 920 3010 (Γ.
950 2933 1103 3006 428-436,
1135 2928 1293 3009 438-446).

146 3021 230 3082 Idem
246 3044 399 3084 numerum
420 3028 588 3103 ternarium,
596 3029 819 3105 quodammodo
834 3029 950 3088 affectat
963 3031 994 3087 in
1009 3026 1057 3106 (ι)
1071 3032 1294 3106 precationibus,

147 3118 193 3198 (a)
207 3121 472 3194 lamentationibus,
488 3122 532 3203 (3)
548 3125 810 3185 uaticinationibus
853 3126 998 3204 Exempla
1012 3138 1082 3187 sunt

187 3242 233 3322 (ι)
275 3244 479 3305 Precationum

229 3357 271 3438 (a)
292 3361 416 3420 Palladis
431 3373 458 3419 Ζ.
476 3376 616 3437 305-310
631 3365 661 3442 (3
675 3385 695 3424 κ
708 3366 754 3442 2);
779 3376 809 3423 K.
826 3369 923 3438 462-4
941 3364 995 3443 (3)

229 3465 272 3545 (β)
294 3467 436 3526 Omnium
450 3468 583 3527 Deorum
599 3481 626 3528 Ζ.
642 3474 779 3544 476-481
798 3469 829 3549 (3
841 3490 863 3534 ><
875 3470 913 3549 a).

119 3669 122 3677 ι
171 3572 177 3591 ⁴
230 3571 271 3651 <rt
294 3572 374 3633 louis
388 3584 422 3633 11·
440 3578 579 3649 233-248
594 3573 667 3653 (333
683 3576 742 3653 43)-

149 3689 208 3747 Sed
222 3707 283 3746 non
298 3689 375 3748 cadit
389 3690 444 3748 hoc
460 3692 489 3749 in
509 3701 544 3749 H.
563 3707 712 3765 204-205,
728 3703 756 3749 ο.
775 3708 924 3770 372-377,
939 3705 968 3751 Φ.
988 3699 1139 3772 273-283.

189 3802 235 3883 (2)
257 3805 495 3865 Lamentationes
517 3810 579 3864 κατὰ
599 3813 667 3883 τρεῖς
688 3810 870 3885 compositae
885 3812 977 3888 qualis
996 3823 1040 3871 est
1054 3813 1119 3873 libri
1134 3813 1240 3872 XXIV
1254 3813 1300 3871 ubi

150 3901 312 3962 Hectorem
328 3903 452 3962 Hecuba
472 3905 619 3981 deplorat:
642 3925 710 3965 nam
732 3907 761 3966 id
784 3910 879 3967 minus
901 3910 1006 3970 cadere
1027 3913 1057 3969 in
1077 3912 1300 3972 Andromaches

149 4002 241 4074 θρῆνον
255 4002 329 4060 sicut
343 4004 429 4059 etiam
445 4001 585 4074 Helenae,
602 4015 705 4063 contra
721 4005 917 4066 Ribbeckium
932 4026 1049 4068 censeo.

189 4096 237 4178 (3)
258 4099 507 4159 Vaticinationum
522 4103 657 4179 exempla
672 4115 739 4163 sunt

233 4197 273 4274 (a)
296 4196 399 4257 Oratio
414 4197 648 4274 Agamemnonis
730 4213 757 4261 Β.
776 4205 1072 4278 369-393=3aaa3,
1088 4222 1171 4279 3333

181 4323 190 4353 ¹
207 4325 266 4373 Vide
283 4325 407 4373 Ribbeckii
426 4327 607 4377 dissertationem
630 4331 652 4377 in
672 4331 735 4378 Noui
758 4332 870 4381 Heluetici
891 4333 967 4382 Musei
984 4333 1031 4381 uol.
1048 4333 1064 4382 ἰ.
1080 4348 1119 4396 pp.
1140 4345 1260 4397 213-233‚
1278 4345 1301 4383 et

149 4407 248 4456 eundem
260 4409 283 4455 iu
296 4407 437 4458 Fleckeiseni
450 4413 512 4463 Anu.
524 4413 587 4462 lxxv.
599 4412 689 4478 ⁶5-74·
