2872 5002
221 372 280 429 282
622 361 678 420 DE
706 357 966 420 PARTITIONE

220 537 268 592 ‘u.
284 529 315 610 4)
332 533 419 589 nesciit
439 530 510 605 quid
514 525 689 604 febriculosi
707 524 805 584 Scorlr'
821 524 944 602 deligi&
968 543 997 581 u.
1016 541 1051 594 14
1067 522 1129 582 Nei
1147 531 1180 582 tu
1200 524 1383 602 que'dsacrirr

222 637 230 662 ‘
242 627 431 703 ineptiarum!

264 761 298 820 C.
310 759 386 818 VIII
402 758 581 818 Ribbeckius
597 757 638 816 sic
653 757 775 816 ordinat.

448 879 565 957 Stroph.
609 878 729 938 Antistr.
781 877 897 954 Stroph.
973 878 1092 937 Antistr.

313 1000 368 1038 1-2
476 993 534 1054 3-5
638 980 697 1035 6-8
802 995 878 1053 9·¹1
987 995 1085 1049 ¹²·14
1195 993 1296 1052 ¹5-19

223 1115 255 1164 ut
291 1105 363 1163 duas
398 1103 546 1162 contiueat
581 1100 726 1177 strophas,
758 1100 832 1159 duas
867 1100 1074 1176 antistrophos,
1109 1101 1196 1159 trium
1231 1119 1380 1178 quamque

224 1219 361 1261 uersuum
372 1220 381 1274 3
404 1199 509 1277 prioris
531 1207 627 1257 autem
648 1197 785 1274 strophae
807 1197 917 1274 primus
938 1215 1039 1256 uersus
1061 1199 1097 1256 sit
1109 1197 1231 1257 Fulsere
1244 1200 1379 1274 quendem

223 1300 341 1358 condedi
361 1298 415 1356 tibi
434 1299 501 1355 soles
523 1297 641 1355 ultimus
664 1296 839 1372 antistrophi
859 1295 978 1353 Fulsere
997 1315 1060 1353 uere
1080 1297 1198 1355 candidi
1216 1298 1271 1355 libi
1288 1299 1356 1355 soles
1364 1319 1378 1365 ,·

224 1399 341 1457 alterius
367 1396 503 1472 strophae
525 1396 590 1453 finis
612 1396 649 1453 sit
671 1393 729 1452 Sed
746 1395 882 1452 obstinata
904 1401 988 1452 mente
1003 1395 1108 1473 perfer,
1129 1395 1246 1466 obdura,
1268 1395 1379 1455 initium

225 1496 397 1572 antistrophi
427 1496 492 1553 Vale
513 1495 618 1571 puella,
648 1495 705 1551 elim
736 1492 865 1551 Catullus
894 1492 1020 1552 obdurat.
1062 1493 1121 1552 Sed
1149 1511 1211 1551 nou
1241 1496 1312 1553 satis
1340 1495 1379 1553 sic

225 1594 384 1670 respondet
398 1595 476 1670 prior
491 1613 557 1671 pars
572 1593 708 1652 carminis
727 1593 900 1668 posteriori,
922 1593 969 1651 illa
983 1592 1062 1651 enim
1077 1593 1151 1651 duos
1170 1611 1273 1652 uersus
1292 1593 1379 1652 habet

226 1690 312 1770 (1-2)
331 1711 349 1750 a
370 1693 473 1750 ceteris
494 1692 663 1761 disiunctos,
679 1691 752 1749 haec
774 1692 903 1768 quinque
918 1688 1044 1770 (15-19)
1059 1702 1087 1749 et
1108 1691 1163 1749 hos
1184 1710 1248 1751 non
1269 1711 1323 1768 per
1342 1710 1377 1766 3²

226 1791 336 1849 diuisos
356 1790 408 1849 sed
429 1809 482 1866 per
500 1808 547 1861 4¹·
590 1790 680 1847 Aliter
697 1789 851 1849 Richterus
871 1790 901 1847 in
918 1810 933 1848 2
953 1809 1052 1867 33333
1070 1810 1096 1848 2.
1139 1789 1197 1850 Sed
1220 1792 1288 1867 quis
1309 1808 1379 1850 con-

225 1889 311 1946 cedat
328 1887 411 1958 Quem
429 1908 501 1945 nunc
514 1888 647 1946 amabar?
673 1890 753 1945 curies
769 1908 824 1946 esse
836 1889 963 1946 diceris?
983 1907 1008 1972 'a
1029 1899 1169 1966 sequente
1191 1907 1278 1948 uersu
1295 1887 1379 1960 Quem

226 1987 372 2045 baseebr'se’
403 1987 452 2042 cue'
474 1986 573 2043 labella
597 1986 757 2043 mordebis?
787 1987 900 2063 seiungi
927 1987 1058 2064 potuisse
1086 2006 1104 2046 a
1134 1985 1270 2047 Catullo?
1323 1985 1381 2046 Sed

228 2094 326 2142 tamen
354 2083 424 2142 iliud
445 2084 527 2159 quod
548 2085 696 2160 utriusque
722 2103 879 2143 commune
904 2095 947 2142 est
968 2095 1000 2143 ut
1020 2084 1130 2162 primae
1151 2095 1210 2144 tres
1231 2096 1331 2161 partes
1352 2086 1381 2143 in

230 2202 245 2240 2
262 2203 279 2257 3
296 2202 313 2256 3
331 2182 535 2242 distribuantur
553 2182 583 2241 id
602 2201 657 2240 nec
677 2182 747 2241 mihi
763 2201 817 2241 nec
832 2182 960 2241 Frankio
977 2201 1033 2242 nec
1051 2184 1189 2258 cuiquam
1208 2202 1298 2260 spero
1321 2183 1381 2242 iore

228 2283 348 2340 dubium
378 2283 427 2358 qui
457 2280 592 2340 carminis
620 2281 785 2339 iuncturam
814 2283 951 2340 attentius
983 2281 1147 2358 inspexerit.
1204 2281 1265 2341 Sed
1293 2300 1382 2360 quam

228 2381 370 2439 rationem
393 2389 510 2438 secutus
527 2388 570 2437 est
592 2377 723 2437 Catullus
744 2380 773 2436 in
792 2380 935 2454 prIoribus
957 2380 1077 2457 stropha
1094 2392 1123 2439 et
1144 2381 1337 2459 antistropho,
1352 2391 1383 2438 ut

228 2497 303 2555 quae
325 2479 416 2536 uerba
440 2479 470 2535 in
499 2478 595 2553 primo
619 2495 706 2535 uersu
730 2477 867 2552 strophae
888 2478 986 2554 posuit
1006 2497 1044 2537 ex
1069 2479 1103 2537 iis
1127 2479 1246 2556 aliquod
1272 2489 1383 2556 repetat

227 2581 257 2636 in
272 2579 374 2637 ultimo
396 2594 482 2637 uersu
499 2575 680 2651 antistrophi‚
698 2575 774 2634 hanc
793 2577 880 2634 etiarn
898 2577 928 2634 in
946 2578 1155 2653 posterioribus
1173 2590 1308 2637 secutum
1322 2597 1382 2637 cre·

229 2676 360 2736 diderim.
403 2675 494 2747 Quod
516 2693 577 2733 non
594 2675 672 2733 cadit
688 2674 718 2730 in
738 2691 786 2732 uu.
806 2692 851 2744 11,
871 2692 904 2732 η
924 2693 991 2734 cum
1010 2693 1043 2733 11
1061 2675 1160 2734 tertius
1182 2678 1219 2736 sit
1234 2678 1381 2752 strophae,

231 2794 265 2832 12
290 2777 400 2852 primus
422 2773 602 2849 antistrophi‚
624 2772 701 2831 cadit
724 2771 752 2828 in
778 2791 822 2842 14,
848 2791 883 2848 19
903 2775 952 2848 qui
977 2774 1092 2849 utrique
1117 2775 1261 2850 Incipiunt
1282 2776 1325 2833 Ae
1343 2785 1380 2833 lu.

228 2874 333 2948 Itaque
358 2893 393 2944 14
416 2873 543 2949 primum
573 2891 690 2931 uersum
713 2872 859 2947 strophae,
885 2891 920 2945 19
943 2872 1076 2930 ultimum
1098 2872 1173 2930 facio
1199 2874 1381 2950 antistrophi.

229 2970 386 3046 Stropham
402 2980 433 3027 ut
447 2971 583 3044 priorem,
599 2972 641 3028 εἰς
663 2989 772 3027 nouam
792 2970 852 3028 duo
867 2969 1045 3045 praecedunt
1059 2989 1161 3029 uersus
1170 2989 1179 3042 ;
1202 2982 1313 3030 restant
1327 2983 1382 3029 tres

229 3069 278 3143 qui
293 3069 374 3144 quasi
390 3069 539 3144 quandam
554 3069 697 3126 mcsodon
712 3067 821 3126 faciunt

391 3214 477 3273 Nune
498 3218 556 3272 elren
578 3217 630 3273 illa
651 3234 703 3271 non
725 3216 803 3274 uult:
833 3224 862 3273 lu
884 3236 985 3292 queque
1006 3218 1132 3291 retpolens
1153 3220 1215 3274 noli

392 3312 453 3370 Nec
473 3333 542 3388 quoe
549 3315 640 3391 fugel
657 3322 768 3386 sectare,
790 3334 837 3371 nee
859 3318 943 3373 maier
963 3317 1035 3387 uiue,

393 3409 451 3468 Sed
470 3412 606 3469 obstinato
628 3418 710 3468 mente
728 3413 830 3491 perfer,
853 3414 964 3472 obdura.

229 3579 304 3638 quos
323 3561 399 3619 bene
418 3580 485 3619 curn
501 3561 638 3620 LXXVI.
658 3564 755 3619 11-16
778 3580 921 3639 conpares
943 3565 993 3639 qui
1014 3576 1042 3623 et
1063 3565 1118 3640 ipsi
1139 3565 1295 3641 omphalos
1317 3577 1382 3626 sunt

230 3677 366 3718 carminis

355 3797 428 3868 Quin
449 3806 480 3856 tre
500 3800 593 3856 antino
614 3801 736 3875 offirmas
756 3805 836 3876 alque
857 3802 940 3858 arim
961 3806 984 3859 le
1006 3803 1059 3876 ipse
1081 3801 1213 3859 reducti?

393 3896 436 3954 Et
455 3898 512 3953 deis
533 3899 631 3954 r'eeuitis
652 3900 754 3955 dese'ere's
774 3919 829 3956 esse
849 3902 956 3956 enz'sere’

351 3994 475 4070 Difficile
494 4003 534 4051 ert
554 3996 666 4069 longum
687 3997 776 4055 subito
798 3999 924 4072 deponere
944 4018 1071 4056 ueterem.

391 4092 515 4168 Difficile
534 4098 580 4163 est,
601 4113 697 4151 uerum
717 4097 767 4152 lec
786 4115 841 4170 quer
863 4096 937 4153 lube!
954 4096 1062 4172 effictos.

360 4190 420 4246 Vna
440 4191 520 4247 salus
541 4191 607 4248 laec
626 4201 672 4263 est,
695 4193 744 4251 hec
764 4202 805 4251 est
823 4195 878 4252 nti
887 4196 1114 4270 pertremendum,

390 4284 455 4342 Hoc
464 4289 576 4363 sacres,
598 4291 657 4347 siue
679 4292 711 4347 id
728 4310 781 4349 nem
797 4299 859 4367 pete
878 4295 937 4349 sius
953 4300 1022 4367 pole.

268 4418 350 4476 Duas
375 4429 469 4494 partes
494 4431 561 4480 ante
587 4421 736 4482 Mesodon
757 4433 866 4500 quanta
891 4425 1038 4501 diligentia
1059 4424 1229 4485 adsimilarit
1250 4427 1286 4486 iis
1307 4444 1379 4504 quae
