2872 5002
713 354 928 417 ExcvRsvs

491 524 591 596 Quam
612 521 705 582 duleis
725 520 780 581 fuit
799 522 862 593 ista,
883 538 973 597 qmm
992 521 1132 599 benigna,

491 622 577 694 Quae
597 638 666 680 cum
687 620 796 678 uiueret
816 620 847 678 in
867 619 934 678 sinu
953 620 1068 679 iacebat

492 719 595 779 Somni
616 718 737 777 conscia
757 734 873 792 semper
893 725 921 775 et
942 717 1053 776 cubilis.

491 816 521 876 O
543 815 651 875 lactum
672 814 757 885 male,
780 813 869 888 Myia,
891 812 972 889 qnod
992 814 1104 890 peristi.

431 930 449 989 5
490 913 625 973 Latrares
645 911 737 971 modo
757 912 782 971 si
804 911 870 988 quis
891 911 1049 970 adeubaret

491 1010 604 1069 Riualis
624 1010 762 1069 dominae
783 1009 944 1068 licentiosa.

492 1109 521 1170 Ο
543 1109 657 1200 lactum
672 1108 758 1179 male,
779 1106 870 1184 Myia‚
885 1106 965 1184 quod
985 1105 1093 1182 peristi.

488 1208 590 1266 Altum
611 1207 670 1265 iam
691 1215 770 1265 tenet
790 1206 913 1264 insciam
934 1205 1101 1282 sepulcrum

491 1304 556 1364 Nec
578 1305 672 1363 seuire
692 1315 778 1380 potes
798 1322 853 1362 nee
874 1302 981 1360 insilire

413 1421 451 1462 1o
492 1401 558 1461 Nec
580 1401 693 1461 blandis
714 1401 785 1459 mihi
805 1401 950 1460 morsibus
969 1399 1094 1458 renides.

245 1530 435 1610 Epitaphium
456 1539 499 1588 est
520 1529 601 1587 canis
621 1545 710 1604 quam
732 1529 793 1587 siue
813 1526 849 1586 de
871 1527 969 1587 colore
983 1527 1045 1586 siue
1064 1534 1187 1602 propter
1201 1525 1287 1586 lusus
1309 1536 1339 1585 et
1358 1541 1402 1584 ne

245 1631 366 1707 quitiam
387 1627 500 1703 Myiam
514 1627 672 1705 (muscam)
688 1624 843 1683 uocabant.
886 1624 958 1682 Eius
972 1624 1105 1700 quisquis
1118 1633 1225 1682 auctor
1239 1623 1295 1683 luit
1309 1622 1401 1682 Catul-

245 1728 306 1786 lum
324 1727 450 1785 imitatus
471 1736 523 1783 est.
565 1724 643 1782 Nam
666 1723 704 1782 ad
726 1723 764 1780 11.
789 1742 806 1797 3
829 1722 978 1794 Quicum
997 1721 1119 1781 ludere
1140 1741 1248 1799 quem
1272 1725 1309 1781 in
1330 1725 1401 1781 sinu

245 1837 367 1884 tenere
387 1823 511 1899 pertinet
531 1841 559 1880 u.
579 1841 613 1893 23
646 1822 683 1881 ad
697 1820 753 1880 III.
774 1823 808 1877 16
823 1839 924 1879 uersus
940 1838 966 1892 4,
984 1834 1019 1895 73
1041 1820 1080 1879 ad
1101 1818 1200 1878 LVII.
1222 1841 1241 1896 9
1263 1821 1401 1879 Riuales

246 1923 356 1983 sociei
377 1920 611 1999 puellularum
624 1938 652 1978 u.
668 1923 696 1979 6.
741 1919 825 1978 Idem
838 1919 959 1978 sortasse
973 1918 1099 1994 respexit
1113 1917 1313 1995 Epigramma
1328 1919 1401 1977 Mar·

245 2021 319 2080 tialis
335 2021 359 2078 l.
377 2037 433 2077 110
448 2018 529 2095 quod
544 2029 572 2077 et
586 2019 681 2094 ipsum
702 2028 746 2076 est
763 2017 800 2075 de
821 2016 944 2076 catenat
987 2015 1034 2074 De
1055 2016 1177 2076 artificio
1198 2011 1309 2094 poetae
1329 2020 1399 2079 bene

246 2117 380 2177 disseruit
407 2115 590 2175 Bischoffius.
640 2114 750 2172 Versus
778 2114 856 2172 enirn
883 2123 946 2172 arto
970 2113 1100 2189 quodam
1128 2113 1252 2174 uinculo
1274 2116 1350 2174 inter
1371 2133 1400 2173 se

246 2223 455 2286 conectuntur;
481 2234 509 2286 4,
533 2227 548 2287 7
561 2233 569 2285 ;
597 2231 623 2288 3,
644 2214 661 2269 8
684 2212 734 2269 ubi
755 2211 933 2287 respondent
956 2212 1079 2281 somni,
1097 2211 1320 2287 sepulcrum;
1343 2229 1398 2290 5,9

245 2314 295 2372 ubi
310 2313 457 2371 latrares
472 2312 597 2383 seuire;
618 2328 642 2380 1,
655 2327 692 2367 10
702 2310 752 2367 ubi
767 2309 887 2379 dulcis,
899 2309 1060 2385 benigna,
1072 2309 1213 2368 blandis
1228 2311 1399 2370 morsibus

244 2410 394 2469 renides.
445 2409 491 2467 De
513 2421 644 2484 tempore
669 2425 728 2484 quo
757 2408 896 2484 scriptum
923 2416 966 2465 est
994 2407 1066 2465 nihil
1093 2406 1234 2484 equidem
1263 2408 1399 2484 explorati

244 2509 349 2567 habeo.
397 2507 488 2580 Quod
503 2507 581 2564 enim
602 2505 710 2565 litterae
725 2523 829 2564 omnes
851 2515 918 2564 sunt
938 2504 1122 2577 maiusculae,
1137 2505 1284 2585 quodque
1302 2507 1357 2565 nisi
1372 2507 1398 2563 in

244 2623 305 2664 uno
331 2605 475 2665 uocabulo
501 2603 666 2663 MORSIB.
689 2622 742 2681 pro
765 2602 974 2662 MORSIBVS
996 2604 1103 2663 absunt
1129 2605 1295 2680 scriptruae
1322 2622 1398 2664 com·

244 2704 360 2780 pendia,
390 2722 451 2762 non
480 2703 602 2761 multum
631 2702 699 2761 hinc
728 2702 928 2760 concluditur:
964 2719 1059 2779 neque
1086 2701 1154 2760 ideo
1184 2703 1308 2761 saeculo
1337 2712 1399 2780 post

245 2800 392 2860 Christum
429 2811 530 2858 natum
566 2798 696 2857 secundo
729 2800 899 2874 assignarim
931 2799 1013 2876 quod
1043 2800 1140 2869 seur're,
1174 2818 1239 2858 non
1274 2802 1398 2858 saeuire

245 2899 379 2957 exhibeat
388 2895 406 2955 ¹.
453 2897 555 2954 Vnum
580 2896 616 2954 de
640 2915 708 2956 meo
729 2897 866 2955 afferam:
897 2897 927 2954 in
949 2916 976 2955 u.
1000 2911 1017 2970 5
1039 2897 1142 2956 modo
1165 2900 1249 2974 quod
1275 2900 1398 2977 plerique

246 3015 314 3055 cum
345 2998 491 3055 latrares
514 2997 703 3070 coniungunt,
728 2995 798 3053 mihi
830 2998 926 3073 potius
951 3015 1019 3054 curn
1047 2997 1074 3054 si
1102 2998 1180 3073 quis
1209 2999 1399 3058 adcubaret

245 3094 484 3169 coniungendum
514 3094 613 3152 uideri.
656 3093 727 3152 Non
755 3095 833 3152 enirn
855 3095 941 3153 credo
965 3103 1083 3170 poetam
1110 3093 1214 3154 modo
1246 3114 1398 3174 usurpasse

244 3188 302 3247 hoc
331 3206 420 3246 sensu
447 3196 479 3244 ut
505 3186 583 3244 idem
612 3188 693 3263 quod
721 3207 832 3266 nuper
860 3199 954 3260 esset;
990 3188 1031 3247 sic
1060 3189 1138 3246 enim
1167 3192 1396 3266 exspectandum

245 3293 322 3344 esset
342 3285 520 3355 Latrabas‚
543 3302 603 3342 non
625 3285 797 3345 Latrares.
840 3286 871 3344 Si
892 3297 988 3345 autem
1010 3297 1219 3363 protentum
1242 3291 1396 3366 usurpauit,

244 3384 314 3461 quid
329 3384 398 3442 uelit
412 3401 473 3441 non
488 3382 634 3457 intellego.
678 3382 788 3441 Contra
803 3384 906 3443 modo
921 3386 949 3442 si
971 3385 1047 3462 quis
1068 3402 1122 3461 pro
1143 3385 1173 3442 si
1193 3388 1274 3462 quis
1296 3389 1392 3447 modo

245 3483 330 3541 simili
345 3500 513 3560 quanquam
528 3498 589 3537 non
603 3480 709 3539 eodem
724 3499 778 3538 usu
792 3483 889 3559 posuit
904 3500 963 3558 quo
979 3480 1102 3541 Ouidius
1116 3481 1207 3543 Trist.
1222 3484 1264 3543 II.
1284 3490 1340 3563 263

407 3612 568 3688 Persequar
589 3613 717 3689 zbstrr'us,
740 3614 815 3670 modo
834 3616 864 3670 si
881 3615 943 3673 lice!
960 3616 1055 3673 ordine
1063 3616 1159 3693 ferri,

447 3710 535 3768 Posse
555 3728 647 3765 nocere
668 3711 770 3767 anz'rnis
790 3714 927 3770 carminis
947 3731 1022 3770 omne
1037 3733 1135 3790 genus,

244 3844 273 3891 et
298 3842 365 3908 post
394 3831 532 3890 Ouidium
555 3832 645 3901 multi,
668 3833 736 3892 iuris
758 3836 883 3894 consulti
907 3836 1047 3912 inprimis,
1069 3837 1093 3896 si
1114 3837 1189 3897 fides
1212 3851 1259 3899 est
1281 3839 1393 3901 Handio

245 3930 402 3988 Tursellin.
422 3928 478 3986 Ill.
502 3931 570 4002 633,
593 3929 741 4005 Papinian.
764 3932 830 4007 Dig.
855 3936 901 3991 26.
926 3953 950 4005 2,
976 3938 1012 3992 28
1037 3933 1097 4004 Qui
1115 3936 1228 3994 tutelam
1249 3945 1393 3997 testamento

245 4029 406 4085 mandatam
421 4028 608 4086 excusatione&
629 4047 689 4086 rure
709 4031 843 4105 ncscrpere
856 4032 952 4103 noluit,
966 4032 1002 4090 ab
1015 4032 1059 4090 tis
1079 4051 1182 4108 quoque
1202 4036 1308 4112 legatis
1327 4055 1392 4096 sun·

277 4191 441 4252 ¹Scripserunt
452 4192 480 4237 de
493 4192 559 4255 Myia
572 4195 661 4242 Barrius
679 4197 701 4242 in
719 4196 872 4258 Ephemeride
890 4200 999 4246 Romana
1015 4198 1131 4248 Bulletino
1146 4199 1172 4248 di
1190 4202 1392 4266 eumaeus.

246 4275 382 4322 Bischoffius
399 4282 423 4320 et
441 4274 563 4324 Couturius
579 4280 603 4326 in
620 4279 722 4328 Censura
740 4281 827 4328 Gallica
843 4282 933 4345 (Reum
951 4283 979 4330 de
997 4284 1117 4348 Gutcugne
1128 4283 1170 4333 Vl.
1184 4283 1256 4350 596),
1274 4289 1391 4337 Guilelmus

244 4358 345 4419 Wagner
356 4354 380 4401 in
392 4355 479 4403 llerme
490 4358 508 4403 l.
521 4357 561 4408 68.

275 4435 285 4465 ¹
303 4437 400 4484 Hermes
412 4437 431 4485 l.
445 4452 467 4497 p.
479 4436 518 4487 68.
