2872 5002
538 378 595 437 AD
623 376 719 436 XXV.
743 395 769 452 5.
1172 386 1229 441 stt

76 540 134 616 qui
160 557 300 601 munera
324 542 388 600 dat.
430 541 476 599 Ex
499 542 543 600 his
566 541 738 619 intellegitur
766 543 978 601 munerarius
1006 543 1113 621 duplici
1141 561 1229 606 sensu

76 648 233 713 usurpatus
258 638 354 697 fuisse.
397 639 458 697 Aut
481 641 560 697 enim
583 650 627 698 est
655 639 734 698 idem
757 638 838 715 quod
862 650 1060 699 munerator
1084 641 1111 700 b.
1128 661 1152 700 e.
1179 642 1229 718 qui

76 735 178 793 ludum
193 735 395 810 gladiatorium
409 735 468 795 edit
482 734 531 816 (ci.
547 737 666 796 Sueton.
682 737 792 795 Domit.
808 732 849 812 X)
870 735 988 793 Patrem
997 739 1137 815 familias
1157 739 1232 813 quod

79 831 208 889 ilirecem
222 834 390 890 mirmilloni
396 844 496 908 parem
515 835 709 893 munerario
724 836 856 908 imparem
871 834 989 891 dixerat
1001 831 1124 907 (dixerat
1138 836 1228 895 credo

79 926 180 985 Threx
187 939 247 1003 par
260 930 427 988 mirmilloni
438 931 531 1006 impar
545 929 717 1008 munerario)
731 931 880 988 detractum
894 932 1050 1004 spectaculis
1065 933 1094 988 in
1112 949 1227 990 arenam

75 1026 190 1083 canibus
201 1026 296 1083 obiecit
304 1046 364 1083 cum
373 1028 423 1085 lioc
433 1028 511 1085 titulo
522 1027 622 1103 ‘Impi'e
632 1029 735 1085 loeutus
742 1023 960 1102 parmularius?
983 1027 1084 1099 Quint.
1095 1028 1226 1088 Declam.

75 1121 129 1178 IX.
145 1124 163 1178 6
180 1121 266 1181 Certa
285 1125 357 1181 insin
378 1143 478 1182 arenae
498 1124 657 1182 destinabar
670 1126 806 1192 ui‘eti'reia,·
827 1142 902 1182 nemo
922 1127 1118 1183 munerario
1138 1127 1228 1184 ui'lriis

75 1224 192 1276 steterat.
235 1219 303 1278 Seu.
319 1220 459 1279 Controu.
482 1221 534 1280 IV.
549 1221 640 1279 Praei.
668 1220 750 1292 Quod
766 1222 949 1279 munerarii
968 1223 1054 1279 solent
1061 1224 1162 1300 facere
1178 1225 1232 1298 qui

74 1316 114 1372 ad
125 1321 346 1390 exspectationem
355 1319 455 1394 populi
464 1320 634 1377 detinendam
649 1336 721 1376 noua
728 1321 817 1394 paria
825 1329 879 1394 per
889 1337 978 1377 omnes
990 1320 1048 1377 dies
1058 1308 1226 1397 dimensani)

75 1424 125 1470 aut
149 1423 193 1471 est
217 1432 370 1473 munerum
392 1416 480 1474 dator.
524 1416 624 1474 Priore
646 1434 734 1475 sensu
755 1426 897 1492 quantum
922 1417 986 1476 scio
1009 1433 1126 1492 semper
1146 1417 1226 1496 apud

74 1510 170 1568 bonos
188 1512 342 1588 scriptores
363 1513 524 1584 inuenitur3
556 1530 652 1588 neque
673 1513 750 1571 aliud
771 1512 898 1572 uoluisse
919 1523 991 1589 puto
1013 1512 1225 1585 Quintilianum

75 1606 146 1664 lust.
162 1608 242 1667 Orat.
257 1608 326 1666 VII.
342 1629 369 1684 3.
386 1628 423 1683 34
442 1608 581 1680 Quaedam
596 1616 685 1667 tamen
693 1610 856 1686 perdurant.
899 1609 979 1668 Nam
1000 1617 1027 1667 et
1043 1628 1114 1684 quae
1133 1618 1225 1668 uetera

74 1723 150 1761 nunc
166 1713 232 1762 sunt
238 1707 367 1783 suerunt
382 1708 445 1764 oli'm
461 1726 555 1774 noua,·
577 1714 603 1764 et
613 1707 744 1781 quaedam
759 1709 872 1765 suntin
886 1726 939 1764 usu
951 1718 1085 1783 perquam
1098 1709 1224 1779 recentia,

73 1806 106 1857 ut
128 1800 256 1859 Messala
274 1805 385 1877 pri‘mus
409 1812 530 1869 reatum,
553 1803 747 1861 munerarium
770 1803 917 1880 Augustus
938 1806 1053 1878 primus
1080 1805 1224 1863 di'xerunt.

73 1897 227 1958 Piraticam
248 1920 350 1976 quoque
372 1907 404 1957 ut
423 1902 566 1958 musicam
587 1906 613 1956 et
632 1900 771 1958 fabricam
796 1901 855 1958 diei
873 1901 964 1958 adhuc
987 1900 1150 1959 dubitabant
1171 1903 1228 1959 mei

66 2003 262 2071 praeceptores.
316 1995 460 2055 Fauorem
482 2005 508 2054 et
531 1998 675 2054 urbanum
701 1992 798 2055 Cicero
819 2017 890 2055 noua
911 1998 1018 2055 eredit:
1048 1995 1128 2055 Nam
1148 2000 1224 2055 etin

71 2094 188 2166 epistula
212 2094 254 2151 ad
278 2093 404 2151 Brutum
425 2112 494 2151 eum
515 2095 607 2168 inquit
626 2110 756 2151 amorem
779 2103 896 2152 etcum
917 2104 947 2152 ut
969 2094 1026 2152 hoc
1047 2094 1138 2153 uerbo
1160 2105 1224 2153 utar

72 2187 204 2247 fauorem
218 2192 248 2249 in
263 2191 415 2250 consilium
429 2191 591 2249 aduocabo.
633 2188 678 2247 Et
686 2191 727 2247 ad
737 2190 860 2266 Appium
873 2190 1012 2248 Pulcrum
1027 2199 1055 2249 te
1070 2190 1221 2249 hominem

72 2303 134 2344 non
163 2287 257 2344 solum
286 2288 447 2363 sapientem
475 2304 576 2344 uerum
604 2287 692 2345 etiam
720 2298 751 2346 ut
782 2305 860 2346 nunc
895 2287 1041 2362 loquimur
1068 2289 1221 2345 urbanum.

70 2381 148 2439 Idem
164 2390 250 2457 putat
269 2403 288 2441 a
315 2383 437 2440 Terentio
454 2386 580 2457 primum
602 2384 704 2440 dictum
730 2404 786 2442 esse
809 2385 1002 2460 obsequium:
1036 2381 1176 2441 Caecilius
1203 2403 1222 2440 a

71 2478 192 2536 Sisenna
206 2481 331 2539 Albente
345 2481 436 2539 caelu.
478 2481 631 2540 Ceruicein
644 2483 754 2539 uidetur
771 2481 941 2539 Hortensius
956 2482 1068 2556 pri'mus
1088 2480 1221 2547 delaissa·

70 2595 136 2632 nam
151 2583 250 2633 ueteres
257 2578 414 2652 pluraliter
421 2578 604 2658 appellabant.¹
624 2577 774 2654 Exscripsi
786 2579 884 2637 locum
894 2587 926 2636 ut
937 2578 1149 2652 intellegeretur
1159 2595 1221 2635 non

70 2674 192 2731 nimium
218 2677 394 2734 auctoritatis
415 2675 595 2747 Quintiliano
617 2676 897 2741 tribuendumesse.
940 2674 1020 2734 Nam
1041 2674 1220 2752 piraticam

71 2772 205 2830 dixerunt
228 2772 333 2831 Cicero
357 2782 386 2829 et
412 2772 572 2842 Sallustius,
595 2773 758 2831 fabricam
783 2773 903 2831 Plautus
925 2771 1082 2832 Terentius
1105 2771 1219 2841 Cicero,

69 2868 236 2927 fabricare
250 2868 386 2928 Afranius
402 2873 456 2944 169
472 2867 559 2927 Ribb.
572 2869 760 2930 fabricatus
774 2871 870 2929 Attius
882 2883 941 2945 559
954 2868 1040 2929 Ribb.
1053 2869 1220 2927 musicam

69 2966 174 3025 Cicero
188 2967 389 3043 obsequium
404 2966 520 3024 Plautus
535 2967 702 3025 ceruicem
716 2967 853 3027 Afranius
866 2982 925 3042 415
937 2967 1051 3025 Ennius
1066 2966 1145 3023 Ann.
1159 2967 1216 3037 462

69 3064 193 3122 Vahlen.
210 3064 359 3122 Lucretius
370 3063 423 3121 Vl.
435 3079 502 3137 744.
525 3063 589 3122 Nec
604 3074 703 3123 tamen
716 3064 774 3123 boc
788 3066 882 3140 magis
897 3066 991 3123 ausim
1005 3065 1218 3122 munerarios

68 3171 208 3237 tanquam
224 3181 241 3220 a
255 3161 368 3220 Catullo
383 3161 522 3237 scriptum
535 3162 622 3232 tueri;
643 3178 814 3237 quanquam
835 3163 914 3222 enim
935 3162 1102 3220 muneribus
1124 3163 1218 3237 potuit

67 3258 115 3316 hic
129 3258 211 3317 locus
225 3277 297 3329 esse,
314 3258 349 3317 cl.
366 3258 468 3317 quen.
483 3257 535 3315 IX.
553 3272 632 3332 5o—3

230 3447 280 3506 En
300 3449 349 3506 ciii
366 3454 397 3505 tu
417 3447 534 3506 uiridem
555 3446 707 3517 umbellam,
728 3449 777 3505 cui
793 3451 905 3505 succiiia
925 3451 1020 3508 mittas

234 3545 375 3615 Grandia,
396 3547 500 3603 naiaii's
520 3545 620 3620 quoti'es
640 3544 713 3600 redit
730 3550 758 3600 et
774 3546 913 3603 madidum
935 3565 985 3602 uer

231 3642 336 3719 Iuei'pit
354 3648 381 3699 et
396 3648 487 3701 strata
504 3644 611 3716 positus
630 3642 764 3716 longaque
783 3643 914 3700 cathedra

232 3740 358 3798 Munera
367 3741 503 3818 semmeis
523 3745 627 3797 tractat
645 3743 745 3796 secreta
768 3737 907 3810 Calendis,

66 3931 166 3988 diuam
180 3938 277 3987 autem
292 3947 359 3988 cum
374 3927 501 4005 Leysero
516 3937 545 3986 et
560 3928 713 3987 Schwabio
729 3928 893 3987 Lauernam
916 3926 1036 3984 sortasse
1051 3927 1159 4001 poteris
1173 3929 1216 3987 in-

65 4026 358 4102 terpretari—nolim
368 4035 466 4084 tamen
475 4024 589 4083 Catullo
599 4025 773 4084 uocabulum
784 4024 889 4082 inferre
898 4022 978 4098 quod
989 4022 1110 4081 fueritin
1120 4023 1216 4084 adhuc

64 4126 208 4183 incertum
229 4135 281 4194 est,
296 4122 350 4180 hac
366 4122 484 4198 quidem
506 4123 717 4198 significatione
738 4123 768 4178 in
789 4121 870 4178 nullo
891 4121 971 4177 bono
992 4129 1111 4178 auctore
1131 4121 1215 4179 inue-

64 4221 150 4279 nitur.
192 4219 264 4278 Non
285 4220 380 4294 magis
401 4219 494 4295 pmbo
516 4219 637 4294 Hauptii
659 4219 856 4276 coniecturam
877 4216 1100 4274 mulierarius.
1141 4217 1215 4278 Esto

63 4318 144 4377 enim
158 4328 189 4376 ut
203 4329 253 4377 aut
266 4319 361 4376 soluta
381 4318 438 4377 arsi
458 4336 529 4377 usus
551 4317 634 4376 fuerit
654 4314 794 4384 Catullus,
809 4322 841 4372 ut
854 4311 888 4371 L.
904 4312 1045 4372 Muellero
1058 4313 1155 4373 uisum
1168 4326 1215 4375 est

63 4417 101 4474 de
122 4434 153 4476 re
174 4415 299 4477 Mettica
319 4435 347 4493 p.
368 4430 433 4490 154,
455 4426 505 4475 aut
525 4415 645 4474 mulier
666 4414 696 4471 in
725 4411 887 4488 disyllabon
907 4411 1057 4482 transierit,
1077 4411 1115 4470 ci.
1139 4412 1213 4473 Hor.
