2872 5002
539 369 904 433 PROLEGOMENA.

185 532 299 593 LXIII.
347 537 387 609 46
410 538 528 614 sineque
541 538 566 596 is
583 535 617 608 0,
632 537 752 615 sineque
765 535 811 596 his
827 535 856 596 G

345 634 384 691 81
409 643 490 710 terga
506 632 540 705 0,
554 643 638 710 tergo
655 633 684 694 G

185 725 298 787 LXIV.
327 748 386 805 130
408 741 495 808 atque
508 730 580 792 haec
598 731 632 804 0,
647 741 734 808 atque
747 730 805 791 hoc
822 729 851 790 G

328 829 386 902 138
408 829 559 888 mitescere
575 827 610 902 0,
624 830 776 889 mitescere
793 828 831 899 G,
845 827 1033 887 miserescere
1050 823 1179 885 Catullus

328 928 387 1000 165
408 927 567 988 Externata
583 926 617 999 0,
633 938 788 987 extenuata
805 927 833 988 G

328 1039 387 1100 174
408 1026 440 1085 in
454 1025 542 1087 Creta
558 1024 592 1099 0,
607 1027 637 1086 in
651 1025 769 1087 Cretam
786 1026 815 1086 G

328 1137 386 1199 179
408 1125 491 1201 ponti
508 1123 542 1196 O,
556 1134 681 1202 pontum
697 1122 727 1184 G

327 1224 384 1296 183
405 1221 502 1283 lentos
518 1220 553 1294 0,
568 1231 673 1282 uentos
689 1220 719 1282 G

325 1337 383 1394 191
406 1318 530 1379 1111111ῑί
545 1317 580 1392 0,
594 1319 738 1379 Flamanti
754 1316 784 1379 G

326 1435 383 1491 301
408 1415 496 1477 Palea
512 1416 649 1490 0‚Pe1ea
665 1414 695 1478 G

326 1525 384 1589 377
407 1513 533 1575 Estemo
549 1514 583 1588 0,
597 1516 728 1575 Extemo
744 1514 774 1574 G

201 1609 300 1670 LXV.
346 1629 385 1684 14
405 1623 557 1690 assumpta
571 1611 632 1691 (ie.
647 1610 818 1691 assumptei)
835 1609 870 1683 0,
884 1608 1025 1684 assumpti
1043 1606 1071 1667 G

187 1707 300 1767 LXVI
348 1723 386 1783 45
408 1727 534 1787 cumque
548 1712 683 1772 iuuentus
699 1710 735 1783 0,
749 1720 837 1788 atque
851 1709 987 1771 iuuentus
1004 1704 1032 1765 G

348 1820 386 1882 55
408 1807 506 1867 auolat
521 1806 556 1881 0,
570 1808 688 1869 aduolat
704 1808 733 1869 G

347 1917 384 1978 71
407 1904 467 1964 ullo
484 1904 518 1978 0,
532 1906 613 1967 nullo
630 1905 661 1967 G

177 2000 307 2061 LXVII.
366 2007 384 2063 8
406 2013 535 2064 ueterem
552 2004 586 2079 0,
601 2022 739 2065 uenerem
756 2004 785 2064 G

347 2119 383 2173 41
407 2102 538 2162 conciliis
554 2101 589 2177 0,
604 2104 734 2164 conciliis
752 2102 789 2177 G,
803 2101 914 2162 ancillis
931 2100 1062 2161 Catullus

157 2196 303 2258 LXVIII.
367 2216 383 2257 1
406 2199 495 2259 mittis
511 2198 545 2269 0,
561 2201 647 2260 mittit
662 2199 692 2261 G

350 2299 389 2370 46
410 2278 476 2358 cita
491 2296 526 2370 0,
540 2309 619 2358 certa
635 2298 664 2358 G

330 2392 488 2474 (66)1111111
502 2414 592 2472 marg.
606 2396 741 2456 manllins
757 2393 792 2468 0,
806 2393 931 2455 manlius
948 2391 979 2453 G

309 2489 466 2572 (119)tam
484 2490 518 2566 0,
532 2511 621 2553 causa
637 2493 666 2553 G

308 2587 395 2669 (130)
407 2589 512 2650 efflauo
529 2589 563 2662 0,
578 2590 674 2650 eflauo
691 2589 728 2662 G,
743 2608 775 2649 es
789 2589 868 2648 flauo
885 2586 1016 2648 Catullus

190 2685 303 2747 LXXI.
368 2706 383 2745 1
406 2697 509 2748 secunt
525 2686 560 2762 O,
575 2705 675 2748 secum
691 2687 729 2760 G,
741 2695 819 2748 secat
835 2685 965 2747 Catullus

144 2783 302 2844 LXXVII.
370 2804 383 2843 1
407 2786 501 2846 amice
518 2784 552 2859 0,
567 2788 662 2847 amico
680 2786 710 2846 G

174 2882 302 2943 XCVII.
366 2901 384 2959 3
405 2884 555 2962 nihiloque
571 2883 764 2962 Quousque
781 2884 811 2944 G

190 2979 302 3041 XCIX.
367 2984 385 3040 8
406 2983 539 3042 abstersti
555 2981 589 3056 0,
603 2983 725 3042 abstersi
741 2981 771 3041 G

182 3157 242 3217 Sed
260 3167 290 3217 et
308 3157 531 3235 orthographiae
549 3160 736 3236 antiquorum
754 3159 836 3237 plura
855 3158 886 3217 in
903 3155 1096 3234 Osupersunt
1111 3174 1200 3234 quam
1219 3158 1248 3215 in
1267 3155 1295 3216 G

140 3257 273 3333 uestIgia.
315 3256 495 3317 Huiusmodi
508 3269 576 3317 sunt
599 3258 653 3319 XI.
679 3278 715 3332 14
729 3265 870 3335 temptare,
903 3257 1016 3318 LXIII.
1037 3277 1075 3335 91
1092 3277 1150 3328 ero,
1185 3257 1295 3317 LXIV.

141 3357 181 3430 56
195 3365 314 3431 sompno,
329 3368 365 3429 57
381 3355 498 3428 turena,
575 3355 644 3415 VII.
667 3376 684 3432 3
699 3357 831 3428 harenae,
911 3355 1021 3416 LXIV.
1046 3357 1218 3432 1901111111,
1237 3374 1294 3431 113

140 3453 287 3528 querellas,
329 3451 470 3512 LXVIII.
491 3451 558 3532 (91)
572 3455 600 3511 ei
611 3472 673 3513 non
686 3456 739 3526 liei,
781 3453 890 3513 LXIV.
914 3468 951 3528 51
957 3454 1064 3531 slmnli
1075 3473 1148 3525 sono,
1166 3470 1221 3527 151
1238 3454 1299 3511 ntii

136 3552 228 3625 genis,
338 3549 478 3610 LXVIII.
500 3549 586 3632 (111)
589 3554 674 3631 salsi
679 3563 796 3628 parens,
892 3552 1003 3612 LXIII.
1027 3566 1063 3627 71
1080 3555 1187 3611 nemori
1197 3571 1296 3628 uagus,

140 3646 268 3707 XCVII.
294 3665 329 3706 10
346 3651 486 3723 prislrziro
507 3652 611 3727 quibus
632 3651 740 3710 adicias
761 3652 933 3710 coniunctas
955 3669 1022 3710 cum
1044 3669 1113 3710 casu
1138 3668 1192 3709 suo
1214 3668 1296 3725 prae-

140 3746 303 3822 positiones
317 3747 358 3805 od
366 3749 459 3818 aures,
495 3747 607 3807 LXIII.
627 3762 674 3823 75,
690 3749 836 3825 1116111111,
867 3748 975 3808 LXIV.
995 3763 1043 3824 71,
1057 3749 1154 3826 offlsso
1168 3746 1295 3827 (osesso)

144 3848 210 3918 189,
225 3846 335 3903 absorde
350 3863 397 3920 54,
439 3846 507 3905 LII.
531 3866 546 3905 1
563 3847 913 3926 11111111(11”11111111’).

182 3941 360 4019 Quanquam
375 3944 433 4005 hoc
447 3945 566 4022 quidem
581 3946 670 4004 etiam
684 3946 715 4003 in
732 3946 761 4006 G
775 3948 879 4006 cadere
894 3947 969 4005 infra
983 3945 1199 4005 demonstrabo.

180 4039 277 4099 Etiam
292 4043 409 4103 maioris
423 4045 565 4103 momenti
580 4043 617 4102 ad
631 4042 880 4103 anstimandum
896 4053 963 4104 sunt
974 4044 1054 4119 quod
1065 4041 1109 4121 (α)
1120 4043 1179 4101 duo
1194 4060 1296 4101 uersus

139 4137 265 4197 LXVII.
290 4157 324 4198 11
349 4139 530 4217 Languidior
556 4148 648 4199 tenero
675 4142 723 4199 cui
742 4143 862 4217 pendens
889 4142 979 4199 siculo
1006 4140 1065 4199 belo
1092 4139 1232 4198 LXVIII.
1260 4142 1295 4198 16

141 4236 295 4296 locandum
315 4257 376 4296 cum
404 4246 480 4298 oetas
490 4240 601 4315 florido
629 4260 679 4298 uer
699 4246 793 4317 ageret
814 4241 865 4316 qui
892 4241 922 4297 in
950 4239 1053 4299 ceteris
1074 4239 1224 4298 codicibus
1252 4240 1297 4297 bis

141 4333 286 4410 leguntur,
298 4336 376 4412 prior
390 4337 420 4395 in
434 4337 501 4398 loco
516 4356 570 4398 suo
581 4350 610 4398 et
625 4350 692 4415 post
707 4338 816 4398 LXIV.
828 4340 896 4414 386,
908 4337 979 4395 alter
993 4338 1022 4394 in
1036 4338 1103 4397 loco
1119 4356 1172 4396 suo
1187 4346 1298 4414 etpost
