2872 5002
533 332 902 394 PROLEGOMENA.
1231 323 1297 384 xlvii

134 529 188 588 per
215 515 252 572 16
276 525 308 574 et
335 531 370 590 17
396 528 564 578 numeratus
588 530 640 579 est.
682 518 793 577 Versus
818 516 915 576 LXII.
942 535 976 589 14
1000 515 1141 593 septimus
1163 512 1294 572 decimus

135 609 230 671 tuerat
256 614 403 691 paginae;
435 635 462 675 u.
489 636 529 691 30
552 629 652 679 sextus
678 618 809 677 decimus
834 617 1001 694 proximae;
1033 633 1062 675 u.
1088 626 1124 687 47
1152 613 1294 688 septimus

137 711 271 774 decimus
293 717 411 790 tertiae;
433 735 461 776 u.
479 719 516 776 ⁶2
538 720 655 798 quintus
676 718 817 789 decImus,
835 719 873 790 ⁶3
892 726 990 774 sextus
1012 714 1143 772 decimus
1164 722 1295 788 quartae,

137 822 169 870 ut
203 813 291 873 facile
327 815 405 874 illinc
431 817 504 875 elabi
533 818 686 895 potuerim.
743 816 785 874 Hi
814 814 926 873 numeri
955 813 999 885 16,
1029 827 1063 887 17
1089 811 1232 870 fuerintne
1263 811 1293 868 in

138 911 242 971 codice
264 914 316 990 qui
344 915 462 974 ineunte
490 917 609 975 saeculo
636 914 711 973 XIV
737 913 887 973 Veronam
915 912 1051 971 reductus
1079 921 1123 969 est
1150 910 1293 982 nescitur;

137 1020 214 1069 certe
243 1032 263 1070 a
291 1031 345 1090 per
376 1027 421 1088 17,
454 1012 664 1073 Gennanensis
691 1031 744 1090 per
774 1030 812 1087 33
842 1010 1002 1086 descriptus
1034 1019 1087 1068 est.
1144 1008 1203 1066 Sed
1235 1008 1293 1067 iam

139 1110 213 1167 erasi
249 1122 334 1170 erant
371 1111 452 1170 multi
490 1130 600 1184 uersus,
632 1111 715 1170 multi
749 1109 831 1168 tituli.
887 1108 1003 1167 Titulos
1034 1117 1131 1166 autem
1164 1125 1234 1178 non,
1262 1119 1294 1165 ut

141 1205 321 1280 Schwabius,
336 1221 409 1286 puto
427 1227 503 1269 aeuo
522 1209 603 1287 quod
623 1209 723 1268 dicunt
742 1207 849 1279 medio,
869 1207 921 1266 sed
940 1207 1040 1283 primis
1059 1217 1127 1284 post
1146 1205 1294 1264 Christum

142 1316 242 1364 natum
262 1308 386 1366 saeculis
405 1308 528 1385 scriptos
548 1307 646 1365 luisse.
689 1306 862 1364 Sermonem
881 1306 961 1363 enim
980 1324 1049 1382 prae
1069 1324 1100 1364 se
1120 1305 1215 1364 serunt
1232 1323 1294 1364 non

141 1403 289 1481 impurum
311 1425 365 1465 nec
387 1406 555 1476 illiteratum,
574 1405 626 1464 sed
648 1404 741 1482 qualis
763 1402 837 1463 solet
859 1422 923 1463 esse
946 1403 1179 1463 Scholiastarum.
1222 1403 1293 1462 Non

141 1503 289 1563 absimiles
313 1505 385 1563 tituli
411 1514 478 1563 sunt
502 1504 664 1563 carminum
690 1503 831 1574 Ausonii,
868 1502 1012 1579 siquidem
1041 1502 1144 1561 Catulli
1173 1502 1292 1561 carmIni

143 1599 260 1658 XXXV
271 1602 432 1678 praefixum
447 1613 491 1661 est
504 1602 557 1661 Ad
570 1602 723 1662 Caecilium
740 1601 814 1659 iubet
825 1601 946 1658 libellum
962 1602 1043 1674 loqui,
1056 1600 1177 1658 Ausonii
1192 1598 1293 1677 Epigr.

143 1696 276 1757 XXXIV
287 1699 340 1758 Ad
348 1700 467 1758 libellum
481 1720 561 1758 suum
581 1702 652 1776 quid
662 1702 755 1776 patries
774 1701 842 1758 uelit
859 1701 946 1757 timeas
965 1700 1011 1756 uel
1026 1700 1137 1756 cari'em.
1180 1697 1215 1755 In
1230 1699 1295 1774 qui·

143 1798 269 1857 busdam
290 1801 412 1875 uestigia
433 1810 498 1858 sunt
520 1799 705 1875 antiquitatis,
719 1811 750 1857 ut
771 1800 801 1856 in
822 1818 845 1858 c.
862 1798 887 1856 L
909 1797 956 1856 cui
977 1797 1176 1875 praepositum
1198 1807 1242 1855 est
1263 1797 1292 1856 in

143 1896 259 1957 Datano
279 1897 332 1956 Ad
347 1897 508 1969 Laee’riium,
523 1908 552 1956 et
572 1917 597 1957 c.
611 1897 714 1956 LXIII
734 1899 816 1956 cuius
835 1897 933 1956 titulus
951 1907 996 1955 est
1014 1895 1058 1953 De
1077 1895 1256 1954 Berecinttn'a
1269 1902 1296 1953 et

143 1995 212 2055 Atti.
255 1996 358 2075 Ipsum
378 1995 446 2055 illud
459 1996 540 2073 quod
559 1997 589 2054 in
609 1998 753 2073 principio
768 1996 831 2054 libri
850 2003 906 2054 stat
923 1994 1036 2054 Catulli
1054 1994 1211 2053 Veronensis
1225 1995 1295 2052 liber

143 2096 241 2171 iircrpit
252 2095 293 2153 ad
305 2094 465 2155 Cornelium
480 2095 632 2170 antiquum
646 2096 743 2154 habeo
751 2115 759 2166 ;
782 2094 912 2153 Catullus
926 2094 1004 2151 enim
1019 2111 1037 2151 a
1052 2092 1146 2152 Plinio
1161 2094 1294 2153 Ausonio

143 2191 297 2252 Macrobio
318 2193 418 2252 Noni0
440 2191 590 2252 Prisciano
611 2193 792 2253 VeronensIs
812 2192 974 2271 appellatus
995 2203 1047 2251 est.
1089 2193 1238 2251 Inscitiam
1257 2193 1293 2251 de

142 2309 202 2367 qua
218 2291 290 2350 dirit
312 2290 480 2350 Schwabius
501 2303 551 2349 aut
571 2293 681 2352 nullam
702 2311 766 2351 esse
787 2293 909 2351 arbitror
928 2300 978 2351 aut
999 2292 1061 2350 aliis
1082 2291 1293 2367 adsignandam

143 2407 232 2465 quam
246 2390 282 2448 iis
296 2389 346 2465 qui
361 2389 457 2448 titulos
471 2390 557 2466 primi
571 2391 751 2450 addiderunt.
794 2390 880 2450 Certe
895 2409 955 2449 non
971 2391 1071 2450 inscite
1089 2391 1228 2467 scriptum
1250 2401 1294 2448 est

143 2499 210 2548 aute
219 2488 324 2547 XXIX
332 2488 540 2547 AdRomulum
552 2489 731 2561 Catamitum,
744 2489 903 2548 Catamitus
914 2490 993 2547 enim
1004 2490 1172 2564 quaedame
1185 2487 1294 2548 Saturis

142 2586 282 2646 Varronis
297 2586 441 2664 appellata
451 2597 503 2646 est.
541 2587 599 2646 Sed
613 2606 673 2645 non
688 2606 767 2664 nego
782 2587 974 2647 sinceritatem
989 2586 1134 2645 titulomm
1149 2587 1294 2645 erroribus

143 2686 303 2746 scribarum
317 2685 446 2743 uitiatam
461 2703 525 2744 esse
533 2705 541 2757 ;
564 2687 642 2745 unde
661 2695 690 2744 et
710 2687 807 2745 titulus
822 2704 846 2745 c.
862 2686 907 2744 III
923 2684 1022 2743 Fletus
1035 2685 1170 2743 Passeris
1180 2684 1295 2742 Lesbiae

144 2784 181 2843 ad
195 2802 222 2843 c.
236 2782 266 2840 11
282 2782 400 2842 tralatus
419 2793 470 2854 est
485 2791 514 2841 et
532 2784 572 2840 ad
585 2781 709 2841 Ortalem
730 2785 870 2860 scriptum
891 2801 944 2860 pro
963 2784 1004 2840 ad
1017 2781 1147 2840 Ortatum
1161 2793 1198 2853 et,
1213 2784 1295 2859 quod

144 2883 277 2943 omnium
297 2883 518 2958 ineptissimum,
534 2901 571 2940 ex
590 2883 687 2940 uerbis
709 2881 755 2940 De
777 2881 868 2940 Volusi
889 2891 989 2941 cacata
1008 2889 1087 2940 carta
1105 2883 1235 2941 relictum
1249 2895 1293 2943 est

144 2980 189 3039 De
209 2982 387 3040 Lusicarata.
438 2980 605 3058 Archetypo
628 2981 724 3040 titulos
752 2980 878 3040 abfuisse
904 2980 1072 3040 Schwabius
1097 2981 1164 3040 inde
1186 2985 1294 3044 conicit

143 3082 224 3157 quod
242 3082 362 3139 carmini
377 3080 462 3138 LXll
477 3081 507 3138 in
522 3080 685 3139 Thuanaeo
700 3081 861 3156 praefixum
876 3090 920 3139 est
934 3080 1157 3156 Epithalamium
1175 3080 1292 3155 Catulli,

143 3180 173 3237 in
186 3179 289 3238 ceteris
303 3177 512 3238 Hexametrum
526 3199 636 3237 carmen
650 3181 783 3255 nuptiale.
826 3178 885 3238 Sed
906 3198 973 3239 cum
994 3179 1204 3257 Anthologiam
1225 3184 1295 3241 scri-

142 3278 224 3336 beret
238 3279 263 3336 is
278 3278 326 3353 qui
342 3276 536 3336 Thuanaeum
551 3280 687 3350 exarauit,
703 3296 813 3337 nomen
828 3288 924 3337 autem
939 3278 1043 3337 Catulli
1061 3279 1146 3338 uellet
1165 3283 1294 3355 poemati

142 3375 303 3452 praefigere
324 3376 405 3451 quod
431 3393 524 3438 unum
548 3377 629 3454 operi
658 3394 712 3435 suo
737 3376 889 3447 inserebat,
910 3376 1047 3454 idemque
1075 3377 1164 3436 nollet
1188 3378 1294 3438 Hexa-

143 3479 258 3531 metrum
293 3471 413 3532 Carmen
444 3471 581 3548 Nuptiale
615 3472 728 3532 Catulli
754 3484 786 3532 ut
818 3474 934 3549 longius
965 3475 1068 3547 dicere,
1101 3493 1162 3535 non
1196 3477 1295 3553 inepte

143 3572 257 3647 scripsit
277 3571 307 3629 id
328 3572 408 3647 quod
429 3573 517 3631 habet
541 3572 719 3631 Thuanaeus
743 3572 966 3648 Epithalamium
994 3574 1130 3634 Catutti¹.
1174 3575 1237 3632 lam
1263 3587 1294 3635 ut

143 3669 214 3728 nihil
236 3670 333 3728 obstat
354 3671 510 3745 quominus
532 3673 561 3728 in
583 3671 742 3747 archetypo
764 3670 870 3730 fuerint
891 3673 971 3742 tituli,
992 3672 1039 3741 ita,
1057 3673 1142 3730 titulis
1164 3673 1292 3744 adiectis,

143 3769 246 3827 melius
265 3787 296 3827 se
316 3753 403 3827 habet
422 3769 608 3845 archetypon.
651 3768 722 3827 Non
742 3779 840 3827 tamen
861 3770 922 3828 aliis
942 3771 1061 3845 praefixi
1081 3782 1156 3840 sunt,
1172 3771 1292 3831 aberant

143 3868 180 3926 ab
202 3867 273 3938 aliis,
295 3869 375 3925 cuius
404 3869 442 3926 rei
466 3868 544 3926 nulla
568 3878 665 3943 potest
686 3887 750 3927 esse
776 3870 866 3938 ratio;
895 3868 946 3926 sed
967 3879 1107 3927 uetustate
1130 3870 1204 3927 erasi
1226 3884 1292 3930 sunt

143 3967 317 4042 complures,
333 3967 486 4041 praecipue
501 3969 530 4023 in
545 3967 644 4024 ultima
658 3980 737 4043 parte
752 3968 913 4026 carminum
922 3966 941 4024 ².
984 3966 1053 4025 Duo
1074 3968 1146 4025 moti
1168 3978 1235 4026 sunt
1256 3990 1292 4030 ex

175 4123 183 4150 ¹
201 4124 276 4170 Etiam
289 4125 312 4170 ln
325 4124 425 4171 editione
442 4125 553 4171 rarissima
566 4141 624 4185 quae
637 4140 715 4172 reuera
727 4125 830 4171 omnium
848 4126 951 4185 princeps
962 4123 1067 4170 habenda
1080 4134 1121 4178 est,
1134 4139 1146 4170 a
1159 4140 1196 4171 me
1213 4136 1294 4174 autern

142 4207 166 4253 in
178 4208 238 4253 notis
251 4207 320 4253 ‘edit
332 4207 403 4255 Paris.
417 4209 481 4256 Sacc.
493 4205 549 4254 XV’
562 4209 684 4264 uodtatun
696 4207 881 4269 Epithalamium
898 4208 993 4254 carmini
1010 4207 1074 4253 LXll
1088 4223 1129 4268 pro
1145 4208 1214 4254 titulo
1229 4225 1294 4270 prae·

142 4288 214 4335 fixum
227 4298 269 4336 est.

174 4369 184 4397 ¹
201 4371 286 4417 Titulis
298 4383 376 4420 carent
388 4374 429 4420 111.
438 4373 469 4421 X.
481 4371 557 4423 xlvi.
566 4373 629 4420 XVl.
642 4373 717 4421 XVll.
730 4372 815 4421 XXIV.
830 4371 941 4418 XXXlll.
953 4371 1086 4420 xxxvlu,
1098 4371 1295 4424 XLI-XLVIII.
