2872 5002
452 321 680 383 CARMINVM
713 322 903 383 CATVLLI.
1248 326 1306 381 237

51 509 201 568 secundae
223 525 258 567 ac
280 509 386 579 tertiae,
405 507 495 566 semel
516 525 568 584 per
582 525 710 568 errorem
731 516 799 585 post
818 507 933 567 tertium
955 506 1109 580 secundae,
1124 508 1222 568 addita
1243 519 1305 567 est:

51 607 135 684 quod
157 607 241 665 sacile
260 607 301 666 sic
315 602 518 683 explicaberis,
533 607 557 665 si
572 607 658 665 nobis
679 607 858 666 concesseris
880 606 950 664 olim
971 607 1093 682 singulis
1114 607 1239 684 strophis
1261 607 1307 666 bis

50 705 142 765 luisse
156 706 312 781 adpictam,
327 723 398 764 mox
411 704 495 782 lapsu
510 705 701 776 saeculorum,
716 723 795 764 nunc
809 704 876 775 hoc,
891 723 970 763 nuuc
991 704 1040 762 illo
1062 704 1131 764 loco
1151 705 1305 765 excidisse.

52 802 258 863 Manifestiora
280 804 319 862 rei
345 802 451 862 indicia
472 803 504 861 in
531 802 680 880 Sapphico
708 803 837 862 carmine
858 800 911 862 IV.
934 804 961 873 6,
983 804 1033 861 ubi
1058 802 1182 862 eandem
1207 813 1307 862 notam

51 900 164 962 habent
180 923 207 973 4,
223 916 250 975 5,
271 903 299 971 6,
319 919 363 973 10,
388 903 434 974 96,
457 920 505 977 3ο,
529 921 576 976 34,
600 915 648 977 37,
671 920 727 973 499
749 901 913 977 exquibus
936 903 963 971 6,
989 918 1033 970 10,
1058 902 1104 970 96,
1127 919 1175 975 30,
1198 920 1246 976 34,
1269 920 1306 972 42

53 998 179 1059 secundi
192 1017 294 1058 uersus
308 999 453 1076 strophae,
470 1014 497 1074 5,
513 1014 550 1075 37
566 1001 660 1076 primi,
675 1017 751 1058 unus
766 1019 784 1072 4
800 999 918 1058 ultimus
932 1008 984 1058 est.

96 1097 197 1174 Magis
211 1097 249 1157 ad
270 1115 332 1155 rem
354 1097 422 1157 facit
443 1098 524 1176 quod
545 1099 576 1156 in
597 1097 676 1157 Diris
696 1098 810 1157 notauit
831 1095 1018 1156 Ribbeeuus.
1061 1094 1120 1156 Hic
1140 1097 1219 1156 enim
1240 1116 1308 1156 cum

52 1197 236 1273 intellegeret
249 1214 368 1256 carmen
382 1196 412 1255 id
426 1215 478 1273 per
493 1197 628 1274 strophas
638 1197 816 1273 descriptum
826 1214 900 1266 esse,
912 1197 999 1254 etiam
1014 1195 1044 1253 in
1059 1195 1161 1255 codice
1176 1196 1309 1273 stropha·

52 1313 121 1355 rum
137 1295 222 1371 signa
240 1295 373 1371 repperit.
415 1293 495 1353 Nam
516 1293 612 1354 codex
633 1294 794 1354 Bembinus
815 1295 913 1353 litteris
934 1295 1061 1353 miniatis
1078 1294 1232 1354 initialibus
1253 1294 1309 1354 hos

53 1411 159 1453 uersus
173 1392 309 1451 Duarum
324 1393 474 1470 distinguit
492 1411 538 1466 14,
555 1412 601 1464 20.
619 1395 665 1465 2⁶,
683 1411 729 1468 30,
746 1407 794 1467 54,
809 1396 857 1468 69,
875 1397 922 1469 67,
940 1406 987 1467 79,
1004 1406 1051 1468 75,
1068 1396 1116 1464 84,
1132 1396 1180 1468 89,
1196 1406 1244 1470 95,
1261 1408 1309 1468 97,

57 1510 128 1565 994,
147 1509 213 1560 999,
232 1508 298 1565 993,
317 1509 382 1565 934,
402 1510 466 1563 949,
485 1505 550 1564 152,
569 1493 635 1562 966,
655 1504 720 1566 979,
739 1504 804 1565 977.
830 1491 923 1550 Iidem
938 1509 1041 1550 uersus
1062 1491 1148 1550 etiam
1162 1491 1192 1550 in
1206 1491 1310 1551 codice

55 1589 221 1649 Bodleiano
240 1588 338 1669 (Auct.
361 1589 394 1648 F.
418 1609 442 1648 1.
470 1586 519 1669 97)
542 1590 636 1667 prima
657 1589 751 1649 littera
775 1590 885 1650 maiore
908 1588 1033 1649 distincti
1055 1598 1130 1660 sunt,
1152 1590 1207 1648 nisi
1228 1591 1310 1668 quod

54 1689 175 1748 omissis
198 1690 246 1763 63,
269 1693 315 1763 67,
339 1693 376 1764 89
399 1688 543 1748 accedunt
564 1689 633 1760 duo,
654 1689 760 1766 quibus
780 1688 812 1747 in
834 1687 980 1747 Bembino
999 1689 1118 1748 miniato
1137 1688 1230 1748 littera
1249 1706 1310 1748 non

54 1788 177 1864 adpicta
190 1797 242 1858 est,
258 1801 305 1861 45,
322 1790 371 1861 58.
412 1786 448 1846 Id
469 1806 530 1846 non
551 1805 634 1846 mero
655 1805 726 1847 casu
746 1787 794 1847 uel
811 1786 928 1846 arbitrio
948 1786 1063 1859 librarii,
1077 1786 1130 1847 sed
1144 1796 1224 1847 certo
1238 1805 1311 1847 con·

55 1886 122 1945 silio
145 1886 183 1944 ad
204 1885 361 1944 indicanda
381 1887 465 1962 quasi
487 1887 619 1945 membra
640 1885 785 1962 quaedam
807 1886 939 1962 corporis
960 1884 1070 1946 factum
1084 1903 1148 1945 esse
1162 1885 1223 1945 iure
1238 1904 1309 1945 con·

55 1985 152 2043 tendit
163 1983 352 2055 Ribbeckius,
363 1987 413 2063 qui
427 1986 517 2045 duces
532 1995 648 2045 secutus
656 1985 764 2044 litteras
777 1983 831 2043 has
845 1984 968 2043 initiales
982 2002 1101 2043 carmen
1109 1995 1203 2043 totum
1214 1985 1268 2057 uel,
1279 1996 1312 2045 ut

55 2084 122 2159 ipse
137 2091 246 2152 censet,
260 2080 320 2141 duo
334 2083 464 2142 carmina
478 2085 507 2142 in
522 2083 657 2160 strophas
671 2082 822 2142 distribuit
864 2081 943 2140 Nihil
958 2082 1025 2141 dico
1040 2083 1076 2141 de
1090 2081 1200 2158 Vergili
1215 2082 1310 2142 Buco-

56 2180 122 2241 licis
136 2181 167 2238 in
181 2181 287 2257 quibus
299 2183 421 2240 miniato
435 2192 609 2241 ornamento
626 2181 772 2240 interdum
793 2181 915 2257 exprimi
937 2181 1121 2257 stropharum
1142 2183 1311 2258 partitiones

57 2288 91 2339 ut
105 2297 124 2337 a
137 2296 208 2337 uero
224 2297 286 2338 non
300 2279 437 2340 abhorret
451 2281 491 2339 ita
504 2281 553 2339 uix
568 2280 637 2340 satis
652 2290 730 2339 certe
745 2279 887 2355 colligitur
896 2279 914 2337 ¹.

100 2375 198 2435 Multo
213 2378 317 2437 clarius
330 2397 377 2438 res
392 2379 485 2439 elucet
499 2380 530 2437 in
545 2379 675 2438 Senecae
690 2377 872 2454 Tragoediis.
915 2376 982 2435 Hae
1003 2377 1091 2447 enim,
1107 2388 1138 2437 ut
1152 2379 1311 2439 etiamnum

59 2475 205 2552 leguntur,
228 2475 304 2536 adeo
325 2476 461 2537 distincte
483 2478 514 2535 in
538 2486 634 2554 partes
659 2494 728 2535 suas
752 2475 840 2553 lyrica
866 2474 975 2533 habent
999 2475 1118 2533 diducta
1141 2486 1174 2534 ut
1198 2478 1221 2535 si
1246 2479 1312 2555 quis

60 2574 296 2650 antiquissimum
310 2594 457 2653 quemque
472 2575 605 2635 codicem
619 2576 746 2634 excutiat
759 2574 894 2650 uariaque
909 2573 982 2631 inter
1003 2590 1035 2631 se
1057 2582 1208 2651 comparet
1228 2575 1313 2652 signa

60 2675 258 2752 partitionum,
270 2676 321 2734 uix
336 2675 466 2735 dubitem
481 2675 551 2752 quin
566 2693 633 2734 eum
653 2674 787 2734 ordinem
806 2679 993 2730 reuocatums
1008 2673 1043 2730 sit
1057 2689 1146 2748 quem
1167 2673 1313 2735 habebant

60 2793 128 2834 curn
151 2774 277 2851 primum
298 2772 467 2833 edebantur.
509 2772 601 2846 Quod
621 2783 653 2832 ut
674 2771 777 2831 melius
798 2770 987 2846 intellegatur,
1007 2770 1090 2847 signa
1110 2773 1196 2848 posui
1217 2773 1313 2849 qualia

60 2874 91 2932 in
105 2882 244 2950 quattuor
257 2873 408 2932 codicibus
422 2873 529 2933 inueni.

530 3114 642 3176 Munna
665 3118 838 3193 578—669.

186 3290 270 3351 Harl.
288 3293 375 3363 9484.
541 3289 624 3350 Harl.
641 3292 730 3368 6332.
914 3289 1128 3351 Lincolniensis
1144 3312 1192 3369 9²·

834 3388 905 3449 Non
920 3390 968 3448 ubi
982 3390 1121 3450 hibernos
1135 3392 1294 3452 nebulosus

837 3486 908 3546 Non
922 3487 972 3546 ubi
986 3488 1107 3565 impellit
1122 3488 1286 3551 Rhodanus

475 3583 504 3642 s
509 3583 622 3643 Caecus
636 3593 680 3643 est
693 3585 769 3660 ignis
839 3584 952 3646 Caecus
965 3595 1009 3645 est
1022 3587 1098 3663 ignis
1112 3585 1275 3648 stimulatus

68 3683 218 3742 :Parcite
233 3681 332 3743 Odiui
474 3683 502 3740 s
509 3683 621 3742 Parcite
635 3681 663 3743 O
679 3683 738 3742 diui

67 3781 166 3842 :Sed
181 3780 247 3839 furit
260 3781 337 3839 uinci

67 3880 206 3938 :Ausus
221 3886 353 3937 aeternos
474 3876 503 3935 s
508 3878 607 3939 Ausus
621 3889 756 3940 aeternos
842 3879 941 3939 Ausus
955 3889 1089 3939 aeternos
1102 3881 1211 3956 agitare

67 3976 244 4037 :Constitit
258 3976 328 4035 nulli
841 3976 979 4037 Constitit
988 3978 1058 4036 nulli
1067 3979 1115 4038 uia
1124 3988 1193 4038 nota
1205 3999 1316 4059 magno

68 4075 248 4151 :Quisquis
263 4073 381 4134 audacis
473 4074 501 4130 Γ
508 4075 648 4154 Quisquis
662 4077 782 4137 audacis
844 4076 986 4153 Quisquis
1001 4077 1119 4137 audacis
1133 4080 1225 4157 tetigit

476 4172 653 4250 [Quisquis
667 4175 785 4235 intrauit

68 4270 205 4348 :Erigit
219 4287 332 4348 poenas
478 4270 506 4327 f
512 4271 610 4348 Exigit
625 4290 737 4349 poenas
848 4271 947 4347 Exigit
960 4290 1073 4349 poenas
1088 4291 1167 4332 mare

416 4451 423 4479 ¹
442 4454 549 4502 Ribbeck
561 4455 681 4515 Appendix
693 4454 823 4517 Vergiliana
835 4469 873 4516 pp.
886 4463 974 4519 57-59.
