2872 5002
552 305 610 367 AD
639 307 661 367 I.
686 326 713 380 4.
1147 310 1205 365 306

55 471 220 530 omnibus
242 490 257 529 e
279 472 362 529 meis
384 471 505 531 amicis
527 470 606 551 (IX),
627 472 738 531 Varus
759 490 811 531 me
832 489 928 530 meus
949 471 991 529 ad
1012 488 1095 531 suos
1117 488 1207 529 amo·

54 587 111 626 res
134 566 197 644 (X),
219 567 372 627 Cenabis
396 570 483 628 bene
509 571 558 631 mi
582 570 728 629 Fabulle
753 568 842 645 apud
867 586 919 626 me
944 564 1055 646 (XIII),
1081 566 1147 627 Nei
1174 577 1207 626 te

53 665 134 740 plus
162 665 273 724 oculis
301 668 386 724 meis
413 685 564 724 amarem
592 665 709 745 (XIV),
737 664 952 724 Commendo
983 666 1045 722 tibi
1078 683 1130 723 me
1166 682 1205 722 ac

57 779 154 819 meos
178 779 313 820 amores
338 760 430 842 (XV),
455 764 632 822 Pedicabo
658 781 722 839 ego
747 781 810 822 uos
835 772 868 820 et
891 762 1069 820 irrumabo
1098 760 1207 840 (XVI),

57 858 188 930 Aureli,
210 869 307 934 pater
328 861 579 921 essuritionum
601 860 710 939 (XXI),
735 860 846 930 Furei,
868 859 924 917 cui
948 876 1060 934 neque
1086 875 1208 917 seruos

57 965 111 1012 est
138 974 250 1031 neque
279 974 358 1015 arca
386 955 526 1035 (XXIII),
555 958 583 1016 Ο
613 959 669 1035 qui
698 956 864 1016 flosculus
896 973 932 1013 es
965 954 1208 1013 quentiorum

57 1047 197 1128 (XXIV),
218 1051 299 1111 Furi
320 1053 441 1112 uillula
462 1064 583 1113 nostra
607 1072 677 1113 non
698 1055 740 1113 ad
761 1052 878 1112 Austri
905 1048 1042 1129 (XXVI),
1067 1050 1208 1109 Pisonis

58 1149 216 1217 comites,
241 1150 367 1208 cohors
390 1151 506 1210 inanis
527 1149 696 1229 (XXVIII),
722 1132 824 1210 Salu'e
846 1167 909 1207 nec
931 1148 1073 1206 minimo
1094 1148 1209 1222 puella

58 1264 145 1303 naso
174 1245 311 1322 (XLIII),
334 1247 406 1305 Iam
433 1266 493 1306 uer
525 1248 683 1325 egelidos
711 1247 818 1306 refert
845 1257 985 1322 tepores
1013 1242 1150 1323 (XLVI),
1179 1243 1207 1304 O

58 1361 131 1400 rem
153 1343 344 1409 ridiculam.
365 1342 461 1415 Cato,
479 1355 512 1403 et
529 1346 685 1404 iocosam
699 1344 804 1423 (LVI),
820 1343 918 1402 Caeli
940 1341 1068 1401 Lesbia
1088 1352 1210 1401 nostra

59 1437 188 1497 Lesbia
209 1439 268 1496 illa
292 1439 427 1518 (LVIII),
450 1442 571 1501 sortasse
593 1443 679 1501 etiam
702 1443 823 1501 Pulcre
849 1441 1016 1500 conuenit
1037 1439 1208 1514 improbis

59 1536 218 1596 elnaedis
233 1536 353 1616 (LVII),
369 1539 397 1597 Ο
413 1538 525 1596 furum
539 1540 670 1615 optime
685 1540 945 1599 balneariorum
959 1534 1129 1614 (XXXIII).
1171 1537 1208 1596 In

12 1674 15 1679 -
59 1634 228 1693 uniuersum
243 1636 372 1692 carmIna
391 1637 421 1692 in
440 1637 545 1712 quibus
566 1637 813 1714 hendecasyllabis
833 1654 904 1695 usus
926 1647 970 1694 est
991 1634 1120 1694 Catullus
1141 1643 1211 1693 sunt

60 1750 152 1789 unum
177 1742 205 1790 et
230 1733 436 1808 quadraginta;
467 1733 634 1792 trochaeum
657 1735 703 1793 uel
728 1735 857 1795 iambum
879 1735 909 1792 in
930 1733 1025 1810 primo
1046 1731 1121 1810 pede
1142 1750 1210 1808 sep-

61 1829 173 1904 tuagies
187 1828 245 1887 lere
261 1831 366 1906 posuit.

103 1925 187 1985 Haec
209 1927 279 1984 mihi
293 1927 487 1986 consideranti
502 1946 568 1986 cum
583 1928 733 2005 Coningto
748 1930 913 2006 protulisset
928 1947 1045 1988 uersum
1066 1927 1208 1987 Martialis

61 2021 85 2080 Ι.
109 2025 156 2079 61.
182 2041 194 2080 r
223 2022 325 2080 Verona
348 2025 421 2082 docti
438 2025 558 2098 mllabas
581 2033 660 2084 amat
678 2029 760 2097 uatis,
786 2028 912 2086 occurrit
933 2027 1062 2102 potuisse
1084 2025 1210 2084 Plinium

62 2120 167 2178 eodem
182 2121 272 2179 modo
287 2121 402 2180 dicendi
422 2122 470 2191 uti,
485 2140 545 2197 quo
567 2121 708 2182 Martialis
729 2126 768 2183 ibi
789 2143 860 2184 usus
880 2135 933 2182 est.
976 2123 1109 2199 Syllabae
1130 2123 1210 2180 enirn

62 2215 203 2275 Martialis
233 2229 300 2276 sunt
327 2218 566 2294 hendecasyllabi.
621 2218 724 2297 Itaque
759 2221 816 2279 hoc
851 2220 976 2279 Plinium
1004 2220 1110 2277 dirisse
1139 2237 1208 2276 cen-

61 2331 122 2372 seo.
166 2315 278 2372 ‘Statui
306 2315 438 2373 licentius
459 2324 487 2373 te
509 2316 636 2390 adloqui,
658 2319 726 2393 quia
747 2336 863 2395 semper
884 2318 991 2394 putasti
1015 2333 1079 2373 esse
1101 2308 1210 2390 aliquid

61 2415 166 2469 ‘meas
181 2429 282 2487 nugas,
297 2422 329 2469 ut
346 2411 451 2470 Catulli
472 2413 566 2469 uerbis
589 2415 723 2488 quamuis
745 2415 942 2490 impudentius
963 2430 1011 2470 me
1033 2410 1208 2480 defendam3

61 2509 168 2567 ‘cuius
189 2508 355 2584 exemplum
377 2519 492 2567 secutus
515 2509 572 2587 (ille
594 2511 672 2568 enim
693 2512 809 2570 omissis
830 2509 1089 2585 hendecasyllabis,
1105 2508 1209 2583 quibus

62 2610 116 2664 ‘se
151 2617 236 2664 antea
271 2605 485 2664 delicatioribus
520 2607 620 2666 amicis
661 2610 888 2679 commendarat,
924 2625 1025 2667 uersus
1066 2606 1210 2681 elegiacos

62 2702 240 2761 ‘scribendo
268 2703 415 2761 duriorem
439 2721 471 2761 se
499 2702 566 2762 iecit
594 2723 682 2780 quam
708 2705 778 2764 dum
803 2707 837 2765 iis
861 2706 923 2764 uult
951 2701 1076 2782 placere)
1106 2703 1210 2761 faciam

62 2806 133 2858 ‘me
162 2801 306 2859 duriorem
335 2811 420 2876 teque
448 2811 479 2858 ut
509 2800 630 2860 militem
658 2804 741 2861 miles
774 2805 839 2863 rudi
873 2820 1008 2863 sermone
1042 2793 1210 2876 adgrediar!

60 2898 310 2957 Duriusculum
338 2898 424 2974 igitur
445 2897 538 2957 refero
563 2899 600 2958 ad
622 2901 752 2959 ultimam
778 2912 889 2978 partem
914 2901 1075 2958 carminum
1097 2896 1210 2968 Catulli,

60 2997 120 3066 ubi,
149 3007 311 3071 permutata
346 2995 457 3054 ratione
485 3014 543 3072 qua
577 3000 689 3072 priores
724 2999 985 3076 hendecasyllabos
1024 2995 1211 3073 expoliuerat,

61 3095 209 3153 duriorem
239 3091 364 3168 rhythmi
392 3103 420 3151 et
448 3095 587 3154 orationis
622 3098 744 3155 modum
777 3101 934 3175 praecipue
962 3098 992 3154 in
1023 3093 1211 3173 pentametris

61 3192 216 3250 affectauit.
259 3190 299 3248 Vt
322 3209 381 3248 uno
405 3192 541 3268 exemplo
567 3211 629 3251 rem
652 3197 773 3270 probem
797 3196 861 3254 solo
886 3193 993 3254 CXVI.
1017 3197 1035 3250 8
1057 3210 1073 3251 s
1094 3190 1211 3249 finalem

62 3288 131 3347 elidi
158 3307 262 3364 passus
290 3297 343 3359 est,
372 3289 453 3365 quod
479 3300 511 3348 ut
539 3290 596 3348 iam
626 3292 819 3351 subrusticum
847 3310 942 3351 nouos
970 3299 1074 3367 poetas
1102 3288 1211 3362 fugisse

61 3386 132 3444 dicit
147 3385 251 3445 Cicero
266 3388 296 3444 in
312 3385 435 3446 Oratore
450 3386 465 3462 ξ
480 3389 544 3444 161.
588 3387 673 3446 Haec
688 3389 884 3465 interpretatio
899 3390 922 3448 si
938 3407 1007 3448 uera
1018 3396 1069 3456 est,
1082 3382 1211 3444 Catullus

61 3484 209 3558 elegiacos
235 3501 343 3554 uersus,
369 3484 471 3542 saltem
496 3486 654 3544 maximam
678 3497 798 3562 partem,
824 3497 874 3546 aut
896 3486 1008 3562 scripsit
1032 3483 1210 3541 nouissimos

58 3593 111 3639 aut
133 3582 282 3657 scripsisse
304 3583 428 3642 creditur
449 3601 467 3641 a
487 3582 588 3642 Plinio.

429 3825 642 3885 EXCVRSVS
664 3825 703 3884 ad
723 3826 777 3885 III
798 3826 842 3884 16.

103 3972 151 4031 Ad
169 3973 241 4032 haec
263 3973 299 4032 de
320 3973 441 4033 Passere
463 3975 592 4032 carmina
615 3986 746 4050 spectare
764 3973 878 4033 uidetur
898 3973 1079 4049 epigramma
1099 3967 1212 4044 Aginni

58 4067 143 4127 iuxta
170 4071 331 4146 Augustam
358 4073 532 4131 Ausciorum
557 4074 587 4129 in
608 4073 763 4148 Aquitanis
785 4071 883 4151 (Agen
905 4069 922 4128 a
944 4065 1041 4144 Auch)
1062 4077 1210 4143 repertum

60 4187 142 4229 anno
162 4172 247 4241 1865.
290 4170 470 4246 Insculptum
489 4182 533 4228 est
546 4189 726 4228 marmoreae
747 4170 860 4227 tabulae
879 4168 966 4225 literis
981 4184 1056 4242 quae
1070 4176 1101 4223 ut
1116 4164 1212 4223 Leoni

59 4267 200 4326 Renierio
228 4266 363 4325 uidentur
384 4267 525 4347 (Hermes
549 4269 573 4328 I.
599 4268 651 4347 68)
674 4268 822 4328 saeculum
845 4277 912 4343 post
937 4263 1085 4325 Christum
1109 4277 1213 4322 natum

58 4366 224 4427 secundum
246 4375 392 4425 testantur.

629 4484 647 4522 x
