2872 5002
244 356 302 411 232
643 349 700 408 DE
729 347 993 410 PARTITIONE

243 518 387 576 incuriose
407 517 576 594 legentium,
590 529 621 578 et
640 520 666 576 si
686 518 864 578 dictarentur
882 534 996 589 uersus,
1009 535 1101 577 aures
1121 516 1314 576 scribentium
1331 514 1387 575 iao'·

243 616 297 674 lius
312 615 449 674 fallerent
490 616 532 675 Vt
545 628 577 675 ut
590 635 623 676 se
637 635 684 676 res
696 617 786 676 habet
799 615 857 675 hoc
876 634 970 675 unum
989 615 1169 694 exemplum
1191 615 1232 675 ad
1251 614 1283 674 id
1301 612 1388 674 sudi&

243 713 324 790 quod
349 726 514 774 tractamus.
556 714 763 775 Nobilissimae
785 715 919 774 omnium
941 714 1076 792 poetriae
1100 713 1296 792 stropharum
1319 713 1390 788 ἀμ

243 815 302 871 iam
317 812 546 890 Hephaestionis
565 815 683 874 saecrrlo
704 815 817 873 nisiex
837 814 1047 892 antiquioribus
1067 812 1223 889 exemplis
1243 811 1390 889 perierant3

244 930 296 970 cur
309 931 369 970 non
385 913 462 973 idem
476 914 506 972 in
521 913 638 973 Catullo
652 914 807 973 credamus
820 913 963 985 euenisse,
976 911 1015 971 de
1028 929 1092 990 qno
1102 930 1162 971 nec
1177 911 1275 971 multa
1283 909 1392 970 dixerint

244 1014 435 1089 grammatici,
449 1024 479 1074 et
499 1015 550 1091 qni
568 1016 673 1074 unicus
694 1016 757 1074 eins
778 1015 940 1074 carminum
958 1013 1034 1073 liber
1052 1022 1148 1086 extat,
1168 1012 1222 1075 hic
1243 1013 1283 1072 ad
1301 1029 1352 1071 nos
1367 1020 1392 1071 et

244 1129 367 1170 mancus
391 1123 421 1171 et
444 1113 574 1189 plurimis
597 1113 670 1172 locis
691 1113 867 1190 depranatns
887 1111 1060 1190 peruenerit.
1102 1111 1153 1170 Ex
1176 1111 1241 1171 alio
1265 1111 1331 1171 looo
1350 1109 1392 1168 uli

244 1206 282 1264 de
301 1206 451 1265 Alcmanis
472 1207 599 1284 strophis
621 1209 749 1266 ternariis
770 1207 842 1267 dicit
862 1205 1054 1284 Hephaestio,
1069 1205 1146 1264 nihil
1166 1206 1332 1283 colligitnr;
1349 1202 1393 1266 md

245 1322 283 1362 ne
308 1303 354 1362 hic
375 1305 493 1380 quidem
514 1305 641 1364 defuisse
661 1306 751 1365 credo
771 1306 857 1383 signa
876 1304 1061 1376 diuisionnm,
1082 1321 1155 1363 cum
1176 1322 1241 1382 qua
1264 1322 1332 1364 cura
1348 1301 1393 1360 sliu

244 1401 330 1461 liuius
344 1404 474 1462 carmina
487 1403 622 1463 distincta
636 1405 778 1473 dicuntur,
793 1405 898 1464 eadem
911 1405 999 1463 etiam
1019 1403 1052 1462 in
1068 1402 1116 1462 his
1137 1404 1302 1480 prouenire
1320 1410 1392 1480 potu·

245 1501 305 1557 erit.
349 1500 407 1560 Sed
422 1519 483 1560 non
498 1520 577 1578 nego
591 1503 648 1563 hoc
663 1505 760 1562 minus
773 1504 804 1561 in
819 1520 855 1561 ea
868 1501 972 1560 cadere
985 1518 1064 1578 qnae
1078 1501 1116 1560 de
1135 1501 1248 1561 ionicis
1262 1520 1282 1561 a
1295 1502 1392 1559 minore

246 1598 323 1656 idern
345 1599 467 1674 scripsit
511 1599 570 1672 Qui
593 1602 617 1660 si
637 1601 697 1659 ullo
716 1603 802 1678 signo
820 1598 1072 1677 distinguebantur
1091 1600 1123 1658 in
1145 1600 1244 1659 denas
1265 1600 1392 1678 syzygias

245 1713 283 1753 ne
296 1697 401 1768 ἄπειρος
414 1697 533 1772 quidem
548 1698 709 1759 dubitasset
723 1704 786 1756 κατὰ
799 1701 896 1773 σχέσιν
908 1707 1006 1757 essent
1020 1715 1059 1756 att
1073 1699 1105 1766 ἐξ
1118 1696 1228 1767 ὅμοῖον.

286 1793 361 1852 Illud
375 1795 462 1853 etiam
475 1798 636 1857 tenendum
650 1809 703 1866 est,
719 1789 822 1876 poetas
836 1799 918 1875 ipsos
932 1795 1062 1855 carmina
1082 1812 1307 1874 nonnunquam
1320 1806 1393 1874 potu·

245 1891 303 1950 isse
330 1894 416 1951 certis
445 1895 574 1954 terminis
598 1896 843 1967 circumscribere,
868 1913 964 1972 neque
985 1911 1021 1952 ea
1041 1904 1142 1952 tamen
1165 1902 1274 1953 notare
1294 1894 1392 1970 signis3

244 1990 295 2065 qui
323 1992 437 2050 termini
466 1995 489 2051 si
518 1994 702 2054 obscuriores
728 2005 835 2066 essent,
856 1993 978 2053 curiosis
999 1992 1211 2052 tantummodo
1231 1992 1393 2052 manifestos

246 2088 324 2160 sore;
346 2108 383 2147 ex
397 2090 442 2149 his
456 2102 553 2151 autem
568 2105 680 2170 partem
694 2111 755 2153 non
775 2109 896 2152 ausuros
917 2091 1005 2151 fuisse
1019 2091 1181 2168 quicquam
1196 2091 1283 2151 dere
1297 2092 1393 2150 incerta

245 2187 413 2262 praedicare
428 2208 465 2248 ne
479 2191 641 2250 riderentur
655 2202 795 2270 tanquam
809 2190 1046 2267 perspicaciores,
1060 2187 1214 2247 nonnullis
1231 2199 1394 2248 euentumm

246 2304 310 2344 esse
324 2295 356 2344 ut
370 2305 437 2346 cum
452 2308 554 2349 uerum
569 2289 625 2348 alio
639 2291 707 2349 loco
720 2289 870 2360 uidissent,
885 2288 942 2348 alio
962 2297 1013 2346 aut
1032 2296 1164 2346 errarent
1185 2297 1238 2346 aut
1259 2288 1394 2364 discrept-

173 2404 179 2419 ·
246 2395 310 2443 rent
324 2388 433 2457 ceteris,
448 2387 519 2446 nihil
533 2389 655 2446 omnino
677 2397 845 2465 putarentur
858 2386 997 2446 effecisse.
1039 2383 1111 2446 Hoc
1132 2396 1281 2463 quantum
1302 2387 1396 2456 ualeat,

248 2485 351 2542 melius
371 2485 520 2562 intelleges
535 2489 558 2545 si
573 2489 712 2564 reputaris
733 2497 807 2564 quot
827 2504 864 2544 ex
885 2485 1011 2544 metricis
1031 2501 1122 2561 quarn
1143 2486 1233 2560 pauci
1251 2484 1397 2562 supersint

248 2583 327 2642 Nam
350 2586 374 2644 si
396 2587 535 2645 nonnulla
556 2588 592 2647 de
614 2587 668 2647 hac
688 2605 721 2647 re
741 2605 830 2663 quam
851 2587 965 2662 agimus
982 2585 1013 2643 in
1033 2595 1094 2643 tam
1109 2584 1194 2643 breui
1215 2582 1398 2644 Encheiridio

247 2683 332 2741 tradit
348 2683 540 2762 Hephaestio,
555 2687 637 2764 plura
651 2687 681 2743 in
695 2684 786 2745 tribus
805 2685 884 2743 libris
905 2683 984 2742 unde
1005 2682 1063 2740 hoc
1083 2683 1240 2755 contraxit,
1256 2681 1399 2759 aliquanto

248 2782 330 2857 plura
344 2783 374 2838 in
389 2784 535 2855 undecim,
547 2783 639 2841 multo
654 2794 751 2842 autern
766 2782 849 2858 plura
862 2782 893 2840 in
903 2781 1097 2858 quadraginta
1107 2791 1179 2840 octo
1191 2799 1269 2856 quos
1280 2781 1400 2858 primum

249 2879 362 2953 scripsit
378 2880 505 2939 dicturus
522 2891 589 2939 erat.
634 2881 749 2957 Ecquid
771 2880 848 2937 aliud
870 2878 992 2937 iaciebat
1013 2879 1043 2936 in
1064 2878 1139 2936 libro
1153 2881 1213 2953 περὶ
1228 2885 1281 2935 τῶν
1294 2881 1322 2934 ἐν
1334 2878 1401 2948 mi·

248 3000 313 3043 μασι
326 2985 452 3048 ταραχῶν,
469 2980 524 3037 nisi
545 2990 577 3037 ut
594 2990 690 3054 partes
711 2980 785 3037 inter
800 2997 831 3037 se
852 2976 990 3036 confusas
1012 2988 1177 3035 secerneret
1199 2977 1305 3035 iterum
1326 2989 1355 3035 et
1374 2977 1401 3033 in

249 3073 402 3149 pristinum
417 3076 550 3134 ordinem
565 3077 733 3137 reduceret?
776 3077 845 3136 Illae
860 3085 956 3135 autem
970 3075 1148 3134 turbationes
1166 3075 1246 3133 unde
1262 3075 1401 3152 originem

249 3171 346 3247 potius
360 3183 442 3230 erant
457 3173 605 3247 ducturae,
620 3194 709 3252 quam
724 3195 760 3234 er
776 3176 892 3235 omissis
911 3175 1057 3234 interdurn
1077 3173 1126 3232 uel
1147 3175 1238 3232 erasis
1259 3175 1346 3244 notis,
1361 3174 1402 3231 in·

250 3270 363 3328 terdum
378 3288 395 3328 a
410 3288 464 3330 suo
483 3271 550 3331 loco
572 3275 602 3331 in
623 3272 710 3332 alium
726 3274 865 3333 tralatisi-
898 3272 1015 3345 Quotus
1036 3273 1160 3348 quisque
1181 3272 1262 3330 enim
1284 3281 1345 3332 erat
1359 3271 1402 3330 cui

250 3387 312 3427 non
336 3368 544 3430 dubitationem
568 3382 690 3448 possent
714 3372 817 3431 afferre
838 3372 968 3430 carmina
991 3372 1053 3427 κατὰ
1072 3372 1212 3444 περικοπὴν
1228 3372 1401 3443 ἀνομοιομερῆ,

250 3467 347 3544 qualia
361 3467 526 3545 describit
544 3484 598 3545 ¹²7
614 3471 709 3528 ὅποτον
723 3473 853 3542 ἐκθέμενος
872 3475 886 3526 ὁ
905 3471 1010 3540 ποιητὴς
1030 3472 1117 3526 ὁπόσα
1137 3470 1232 3540 δήποτε
1253 3469 1403 3539 cuminam

251 3570 363 3640 διάφορα
384 3569 498 3643 ἐπαγάγῃ
519 3570 547 3624 ἐκ
567 3577 619 3625 τῶν
632 3572 714 3625 αὐτῶν
728 3572 899 3641 συστημάτων
919 3574 1090 3625 συνεστῶσαν
1109 3568 1256 3641 περιωπήν
1286 3570 1353 3623 ὥστε
1373 3566 1402 3621 ni

250 3668 297 3739 pir
317 3668 345 3722 ἐν
364 3670 469 3743 ἑκατέρᾳ
488 3669 502 3739 ἢ
524 3672 618 3740 ἑκάοηρ
639 3673 763 3744 περικοπῇ
785 3668 938 3740 συστήματα
958 3668 1062 3739 ἆιόμοια
1083 3662 1147 3723 εἶναι
1168 3668 1305 3738 ἀλλήλοις,
1319 3666 1402 3723 cristi

250 3768 390 3839 περικοπὰς
403 3768 551 3839 ἀμφοτέρας
564 3768 690 3839 ἀλλήλοις
704 3769 792 3838 ὁμοίας
806 3767 820 3836 ἦ
835 3766 940 3824 ndens?

293 3864 394 3942 Itaque
419 3865 456 3923 de
481 3864 601 3925 Graecis
623 3865 694 3923 haec
720 3864 779 3924 sere
804 3865 917 3935 senti0;
943 3873 1028 3922 notas
1049 3873 1117 3939 post
1138 3863 1401 3923 Alexandrinorum

252 3973 330 4023 certe
357 3974 481 4021 aetatem
509 3963 678 4039 plerumque
713 3981 871 4039 usurpasse
905 3962 1010 4039 quibus
1045 3959 1207 4020 carminum
1243 3960 1403 4019 indicarent

252 4062 437 4138 partitiones;
467 4061 607 4119 nonnulla
632 4072 729 4120 tamen
754 4071 786 4119 ut
810 4061 920 4119 incerta
943 4059 1045 4118 tradita
1066 4059 1253 4135 abantiquis
1274 4069 1403 4118 autnon

253 4159 417 4218 distinxisse
440 4160 531 4235 signis
556 4168 605 4217 ant
629 4178 703 4233 rar0,
725 4160 880 4237 praecipue
901 4176 972 4217 uero
992 4158 1042 4216 nbi
1063 4156 1110 4217 uel
1130 4156 1247 4232 inpares
1269 4156 1404 4233 strophae

253 4268 358 4328 essent,
373 4256 420 4316 uel
434 4274 535 4315 uersus
548 4275 608 4316 uno
623 4259 707 4317 metri
726 4276 832 4335 genere
852 4258 1096 4316 continuarentur.
1140 4252 1199 4312 Sed
1221 4264 1253 4312 ut
1275 4253 1405 4314 Graecos

252 4356 446 4413 concesserim
461 4355 595 4431 strophas
616 4358 787 4434 plerumque
808 4357 893 4415 certis
915 4354 1006 4432 signis
1027 4352 1204 4424 definiuisse,
1220 4369 1283 4411 non
1297 4351 1405 4412 idcirco

252 4450 329 4509 idem
355 4468 421 4510 mos
446 4450 524 4527 apud
549 4452 702 4514 Romanos
729 4454 854 4513 ualuisse
883 4452 1051 4512 ostenditur.
1095 4449 1154 4522 Qui
1182 4450 1205 4509 si
1237 4450 1406 4509 Anacreon·
