2872 5002
596 400 841 460 PRAEFATIO.
1261 416 1298 453 xv

141 599 267 658 semper,
295 581 346 640 ubi
375 580 449 640 nihil
477 581 621 641 eiusmodi
648 583 785 642 traditum
805 593 897 643 esset:
921 584 991 642 'nce
1016 583 1097 660 quod
1122 581 1231 641 LXVI.
1258 596 1293 656 27

142 687 298 764 adepta's
320 688 447 757 XXXV.
472 690 757 764 23s01ita’suere
781 691 916 750 uidentur
944 710 979 750 ex
1008 690 1151 767 adeptus
1176 692 1296 751 solitas

143 815 178 854 es
192 796 268 867 elici,
284 806 377 854 tutum
398 814 465 855 sum
486 806 564 856 ratus
584 795 610 856 's
627 795 669 856 ’st
683 815 799 872 semper
813 815 867 873 pro
883 816 918 856 es
933 809 985 856 est
998 797 1102 857 inlerre
1111 818 1118 870 ;
1145 818 1200 858 nec
1214 801 1296 876 quod

142 902 259 962 XXIII.
286 922 298 961 1
324 921 453 975 seruos,
478 901 557 962 LXI.
584 918 621 978 54
646 921 764 974 nouos,
793 902 889 961 LXII.
916 902 982 982 (60)
1007 923 1160 981 aequom,
1185 906 1295 966 LXVI.

143 1025 181 1084 54
208 1029 319 1087 equos
341 1009 447 1070 Catulli
468 1021 592 1069 aetatem
620 1009 755 1082 referunt,
779 1027 822 1069 uo
847 1028 902 1085 pro
926 1028 969 1068 uu
993 1021 1159 1070 constanter
1181 1013 1292 1072 admisi.

143 1118 236 1177 Cuius
251 1118 292 1176 rei
307 1117 453 1192 singulare
472 1117 638 1193 exemplum
660 1117 712 1175 erit
733 1134 844 1174 nornen
866 1116 1061 1193 Septimius,
1076 1136 1144 1176 nam
1166 1118 1259 1177 XLV.
1279 1139 1290 1178 1

141 1224 324 1283 Veronensis
345 1222 441 1282 codex
461 1223 575 1281 uidetur
596 1222 731 1282 habuisse
754 1223 950 1299 Septimios,
972 1243 1005 1281 21
1029 1224 1233 1300 Septumius,
1256 1245 1292 1301 23

143 1331 323 1407 Septimio,
334 1348 410 1406 quae
424 1330 526 1387 omnia
540 1329 582 1388 sic
597 1339 628 1387 ut
642 1328 746 1387 tradita
760 1338 827 1388 sunt
841 1331 965 1400 seruaui,
975 1349 1044 1390 cum
1059 1332 1183 1391 Incertus
1197 1350 1293 1390 essem

142 1437 215 1513 quid
243 1437 341 1513 potius
369 1434 499 1495 Catullus
527 1436 687 1512 scripturus
715 1434 807 1493 fuerit.
854 1435 922 1508 Qua
948 1437 978 1494 in
1007 1456 1038 1495 re
1066 1447 1095 1497 et
1124 1437 1292 1498 Schwabius

141 1561 260 1602 mecum
274 1552 303 1601 et
317 1541 494 1602 Behrensius
509 1541 634 1600 faciunt:
655 1541 722 1599 licet
737 1540 783 1599 hic
799 1540 917 1618 quidem
931 1542 1001 1601 dum
1017 1553 1045 1602 et
1059 1545 1178 1621 antiqua
1195 1545 1292 1604 studet

140 1650 280 1710 reducere
298 1668 353 1708 nec
371 1648 461 1707 libros
482 1657 580 1707 tamen
602 1648 715 1718 deserit,
731 1666 766 1707 ea
779 1665 816 1706 ex
834 1648 939 1707 horum
959 1651 1088 1725 uestigiis
1106 1661 1228 1710 conatus
1248 1661 1292 1709 est

140 1775 242 1816 eruere
263 1774 339 1833 quae
359 1756 439 1814 nullo
458 1757 549 1815 modo
570 1756 667 1814 inesse
688 1756 842 1832 potuerint.
886 1755 973 1815 Velut
994 1775 1031 1814 ex
1052 1758 1096 1815 da·
1113 1757 1195 1816 LIII.
1212 1774 1228 1832 5
1248 1759 1294 1815 dei

140 1863 247 1934 clicuit,
262 1882 298 1922 ex
318 1863 390 1921 abiit
407 1863 487 1933 adsit,
501 1861 580 1921 LXI.
598 1880 663 1936 192,
679 1861 789 1920 LXIII.
808 1874 855 1935 74,
870 1862 944 1920 adei!
954 1864 1033 1934 adal,
1048 1882 1084 1923 ex
1106 1866 1196 1922 salaces
1214 1882 1289 1922 soro·

141 1989 204 2028 rum
226 1968 338 2026 LXIII.
362 1981 391 2041 5,
410 1968 518 2027 LXIV.
539 1987 597 2042 ²90
617 1969 707 2026 stlr'cci
720 1970 834 2039 sorarai,
856 1987 892 2026 ex
912 1972 1029 2044 proruit
1047 1969 1247 2029 LXXXVIII.
1272 1993 1286 2030 2

133 2077 241 2151 proni,
266 2093 304 2134 ex
324 2076 380 2132 scis
393 2072 564 2132 LXXVIII.
590 2093 626 2134 ro
647 2077 700 2132 sesi
721 2073 811 2153 (atqui
835 2074 946 2132 XXIX.
973 2095 1008 2150 19
1033 2077 1074 2134 si!
1090 2078 1144 2134 scal
1163 2079 1236 2136 inter
1257 2096 1289 2138 se

140 2182 369 2252 confunduntur,
390 2182 526 2258 idemque
548 2181 664 2257 saepius
682 2182 802 2259 notaui),
822 2200 857 2240 ex
879 2188 906 2238 et
923 2181 1004 2242 LIII.
1024 2202 1048 2252 1,
1070 2183 1149 2242 LXI.
1174 2203 1232 2242 210
1253 2205 1288 2256 ec,

140 2289 265 2367 quodsi
287 2289 400 2347 Lucilio
419 2288 469 2346 uix
491 2289 559 2347 satis
581 2299 641 2346 tute
665 2288 775 2346 illatum
796 2298 847 2359 est,
867 2290 959 2348 multo
981 2290 1078 2348 minus
1100 2288 1204 2349 Catulli
1226 2309 1289 2351 car·

138 2397 266 2455 minibus
288 2395 434 2455 conuenit.
475 2393 581 2470 Neque
600 2412 637 2453 ex
659 2394 808 2453 codicibus
829 2395 897 2454 satis
916 2405 1038 2470 apparet
1063 2413 1113 2454 cur
1132 2403 1173 2454 set
1190 2398 1288 2455 domna

139 2505 249 2561 domnia
264 2502 342 2561 idem
358 2500 483 2559 intulerit
490 2521 498 2572 ;
521 2518 588 2558 cum
602 2502 651 2558 sed
667 2500 773 2559 habeat
793 2501 879 2560 etiam
898 2500 1076 2559 Tbuanaeus
1096 2500 1191 2560 LXII.
1214 2501 1288 2581 (51),

138 2612 248 2668 damaim
263 2607 375 2668 LXIII.
392 2627 427 2682 91
445 2626 506 2667 non
521 2608 615 2684 magis
629 2617 722 2668 metro
736 2617 878 2683 repugnet
899 2625 988 2683 quam
1009 2607 1061 2664 ubi
1076 2611 1168 2682 captia
1185 2627 1232 2684 23,
1247 2610 1290 2667 ibi

139 2718 232 2774 maria
250 2719 299 2788 48,
313 2734 361 2792 ego
374 2715 478 2773 uiridis
494 2728 548 2788 7ο;
573 2715 682 2772 domnia
704 2724 800 2773 autem
815 2713 897 2789 quod
911 2714 1036 2773 coniecit
1049 2731 1102 2790 pro
1116 2715 1180 2772 dum
1195 2717 1287 2775 omneis

140 2821 248 2881 CXIV.
271 2835 289 2894 5
314 2821 392 2880 nulla
412 2820 554 2897 probabili
575 2837 630 2878 nec
653 2837 756 2879 sensus
780 2837 835 2877 nec
855 2819 1012 2895 prosodiae
1036 2823 1147 2880 ratione
1171 2821 1284 2882 nitatur.

140 2928 225 2988 Haec
250 2945 309 3003 ego
332 2938 362 2985 ut
385 2927 471 2985 nimis
496 2936 604 2985 temere
628 2926 757 2984 admissa
781 2926 911 2996 arbitror,
935 2927 973 2985 ita
995 2929 1140 3003 quaedam
1164 2929 1227 3006 ipse
1255 2931 1285 2988 in

138 3037 266 3095 editione
289 3035 356 3093 anni
382 3035 457 3106 1867
483 3033 521 3092 ad
546 3034 698 3110 antiquum
722 3051 816 3109 genus
841 3033 985 3093 scribendi
1012 3051 1228 3106 reuocaueram,
1254 3048 1286 3095 ut

137 3143 246 3203 LXVI.
266 3162 301 3214 14
316 3143 467 3218 absumplez'
477 3160 514 3199 ex
528 3146 676 3217 assumpto,
692 3139 801 3200 CXVI.
819 3154 833 3214 7
849 3143 959 3199 ama'ctei
971 3160 1007 3200 ex
1024 3143 1133 3214 amacio,
1148 3143 1248 3201 XXII.
1266 3148 1284 3202 8

137 3253 251 3320 derecta,
262 3248 358 3307 XXX.
371 3251 388 3306 6
400 3248 457 3305 dice
467 3266 503 3306 ex
518 3249 584 3318 dz'co,
596 3246 630 3305 L.
646 3267 670 3319 1,
682 3249 700 3304 8
712 3246 908 3325 Luctin'quod
919 3259 963 3307 est
974 3250 1003 3307 in
1014 3249 1140 3319 Dalana,
1151 3251 1217 3309 haec
1228 3269 1283 3328 pro

137 3357 189 3413 hae
203 3354 311 3414 LXIV.
323 3372 389 3429 320,
400 3355 455 3410 mei
465 3371 519 3429 pro
531 3355 573 3410 mi
580 3352 704 3411 LXXII.
716 3354 743 3424 6,
754 3356 796 3410 sci
804 3372 857 3430 pro
868 3373 914 3412 seu
926 3354 1063 3413 LXXVI.
1078 3375 1124 3425 21,
1135 3359 1239 3416 dolorei
1250 3359 1285 3416 ’st

136 3460 244 3521 XCVI.
263 3475 348 3535 5pro
366 3460 488 3528 dolorest,
510 3458 607 3516 XVII.
625 3479 650 3534 3,
672 3460 790 3516 occulerit
810 3478 864 3536 pro
885 3480 918 3519 ac
938 3463 1033 3532 sulcis,
1048 3474 1156 3538 sompno
1176 3464 1285 3523 harena

137 3567 244 3627 LXIV.
265 3581 312 3639 57,
328 3569 374 3640 58.
419 3564 504 3624 Haec
529 3576 557 3624 et
582 3584 784 3642 quaecumque
805 3578 886 3626 erant
906 3568 1073 3627 huiusmodi
1095 3571 1207 3629 cautius
1228 3589 1283 3630 nec

137 3677 192 3735 nisi
213 3675 417 3751 praeeuntibus
431 3673 510 3732 libris
525 3674 706 3750 scripseram.
748 3673 795 3732 Ne
818 3675 1025 3735 Lachmannus
1042 3677 1169 3752 quidem,
1184 3678 1281 3749 cred0,

136 3785 160 3841 si
176 3782 321 3841 Catullum
336 3799 420 3840 suum
435 3800 471 3839 ex
489 3779 547 3839 GO
560 3780 704 3851 edidisset,
720 3783 758 3839 ita
780 3784 936 3858 scripturae
957 3785 1099 3842 rationem
1122 3795 1281 3844 mutaturus

136 3889 230 3948 fuerat
257 3898 289 3947 ut
316 3906 352 3947 ex
380 3888 558 3946 tenuioribus
591 3887 695 3947 horum
730 3890 858 3965 uestigiis
894 3890 998 3951 Catulli
1029 3908 1149 3948 manum
1186 3892 1280 3954 ubiuis

136 4005 349 4072 repraesentare
367 4005 529 4054 conaretur.
572 3995 672 4071 Itaque
688 3997 793 4054 sicum
811 3996 1002 4055 Lachmanno
1017 3996 1149 4073 Hauptio
1165 3999 1281 4059 Schwa-

135 4103 183 4161 bio
205 4101 365 4161 Behrensio
386 4105 563 4177 nequz'cquam
584 4113 751 4162 constanter
765 4105 874 4180 scripsi,
891 4104 945 4162 feci
965 4105 994 4161 id
1011 4106 1198 4165 monentibus
1219 4127 1280 4167 non

139 4209 197 4269 GO
223 4209 317 4267 solum
342 4209 395 4269 sed
415 4209 552 4268 omnibus
572 4209 651 4269 libris
673 4229 748 4286 quos
773 4210 968 4269 contuleram:
998 4209 1049 4267 scd
1074 4214 1201 4272 securius
1226 4215 1281 4275 feci

135 4316 203 4391 quia
224 4316 349 4376 intellexi
370 4335 431 4375 non
453 4317 536 4375 malis
558 4320 723 4378 auctoribus
750 4321 799 4378 niti
823 4320 863 4378 sic
885 4321 1032 4394 scriptum,
1055 4324 1188 4396 quamuis
1213 4336 1280 4400 post
