2872 5002
486 361 716 422 CARMINVM
744 363 935 424 CATVLLI.
1232 371 1291 445 349

136 527 347 588 describuntur.
390 530 438 589 Sic
452 541 480 589 et
494 531 525 589 in
538 531 641 591 iambis
656 530 731 603 lecit,
745 533 884 609 quoniam
899 533 932 591 fr.
950 535 988 608 3⁶
1003 534 1033 590 in
1048 547 1107 607 555
1116 534 1169 599 ÷⁶
1184 543 1290 610 sponte

139 644 192 685 sua
207 628 353 686 scinditur.
1018 652 1023 663 ·

180 724 225 783 Ex
241 725 434 802 Xenophanis
448 726 583 803 relliquiis
597 727 673 786 duae
687 738 754 788 sunt
768 747 844 806 quae
863 727 1048 788 manifestam
1069 746 1139 804 prae
1153 746 1185 788 se
1199 727 1292 788 lerant

137 823 324 898 partitionem
338 823 371 881 sr.
390 842 401 880 1
419 834 479 882 eta
496 823 603 901 Bergk.
645 825 775 884 Primum
796 845 832 885 ex
854 827 985 884 uersibus
1007 836 1121 884 constat
1138 845 1192 897 τις
1215 827 1245 886 hi
1259 828 1290 885 in

138 919 212 977 duas
235 931 332 996 partes
355 921 567 994 duodenorum,
593 942 693 982 rursus
720 925 750 981 in
774 933 909 1001 quattuor
935 941 1073 981 senorum
1097 942 1129 983 se
1154 925 1291 984 scindunt

138 1014 201 1094 (66,
218 1016 278 1094 66).
322 1017 391 1077 Ηοο
406 1029 498 1076 totum
513 1020 638 1092 exhibui,
653 1022 732 1081 unde
751 1021 906 1079 artificiosa
926 1021 1125 1080 membrorum
1140 1032 1291 1098 appareret

137 1117 324 1188 compositio.

346 1289 400 1340 Νῦν
419 1287 470 1358 γάρ
491 1285 521 1355 δή
543 1288 652 1353 ζάπεδον
672 1286 782 1359 καθαρὸν
802 1287 843 1341 καὶ
863 1287 949 1357 χεῖρες
968 1284 1086 1341 ἁπάντων

385 1383 425 1437 καί
446 1381 558 1440 κύλικες·
582 1385 707 1441 πλεκτοὺς
728 1382 754 1438 δ’
775 1383 908 1454 ἀμφιτιθεῖ
928 1384 1082 1454 στεφάνους,

345 1479 425 1536 ἄλλος
445 1479 471 1534 δ’
492 1482 583 1538 εὐῶδες
602 1481 684 1553 μύρον
702 1481 730 1536 ε’ν
749 1484 832 1552 φιάλη
852 1480 1007 1551 παρατείνει·

385 1579 479 1650 κρατήρ
499 1579 526 1633 δ’
547 1581 654 1649 ἕστηκεν
673 1581 770 1650 μεστός
791 1577 965 1652 ἐϋφροσύνης·

344 1675 425 1733 άλλος
445 1677 471 1732 δ’
491 1675 558 1734 σίνος
578 1681 685 1750 ἑτοῖμος,
707 1678 735 1736 ός
755 1678 938 1749 atron-paci
958 1678 1112 1749 προδώσειν,

384 1772 501 1847 μείλιχος
522 1776 550 1831 ε’ν
570 1778 693 1848 κεράμοις,
714 1776 803 1833 άνθεος
823 1775 972 1846 όσδόμενος·

345 1922 372 1975 ίν
391 1922 419 1976 δὲ
440 1922 530 1992 με’σοις
550 1925 628 1997 ἁγνήν
648 1925 728 1995 ὀδμήν
747 1925 890 1986 λιβανωτός
910 1920 989 1992 ἵησιν,

385 2020 492 2091 ψυχρὸν
512 2023 539 2075 δ’
561 2023 635 2076 ἔστιν
654 2021 723 2092 ὕδωρ
744 2031 782 2076 καὶ
803 2022 886 2095 γλυκὺ
907 2022 948 2075 καλ
969 2020 1090 2092 καθαρόν·

343 2118 488 2195 πάρκεινται
509 2118 535 2172 θ’
555 2119 628 2190 όρτοι
649 2119 736 2188 ξανθοὶ
755 2118 851 2191 γεραρή
871 2140 900 2173 τε
920 2115 1024 2190 τράπεζ’

384 2218 462 2286 τυροῦ
483 2217 522 2269 καὶ
542 2216 647 2282 μέλιτος
667 2219 755 2274 πίονος
774 2217 915 2288 α’χθομίνη·

345 2312 433 2380 βωμὸς
453 2311 479 2365 δ’
501 2313 606 2367 ἄνθεσιν
625 2313 656 2368 άν
676 2315 706 2368 τὸ
725 2317 807 2384 με’σον
826 2316 907 2381 πάντη
928 2310 1097 2380 πεπύκασται,

385 2411 473 2481 μολπή
493 2409 520 2465 δ’
542 2411 624 2483 ἀμφίς
644 2413 698 2484 ίχει
719 2414 823 2482 δώματα
844 2414 884 2467 καῖ
905 2412 989 2481 θαλίη.

345 2562 396 2632 χρή
417 2561 445 2617 δὲ
464 2567 566 2633 πρῶτον
584 2563 631 2632 μὲν
651 2562 710 2617 θεόν
729 2563 814 2632 ὑμνεῖν
827 2562 954 2633 εὔφρονας
973 2558 1067 2630 tropas

385 2657 506 2731 εὐφήμοις
527 2658 617 2728 μάθοις
637 2660 678 2714 καλ
698 2659 833 2732 καθαροῖσι
853 2660 951 2730 λόγοις.

346 2758 504 2812 σπείσαντας
525 2755 552 2810 δὲ
575 2757 615 2810 καῖ
636 2755 789 2825 εὐξαμένων
808 2756 840 2810 τό
861 2756 944 2810 δίκαια
965 2751 1089 2809 δύνασθαι

385 2852 634 2926 πρήσσειν-ταῦτα
654 2855 704 2927 γάρ
724 2854 760 2908 ὧν
780 2855 836 2909 ε’στι
856 2855 1062 2927 προχειρότερον,

345 2953 394 3022 οὐχ
414 2949 620 3020 ὕβρις,-πίνειν
639 2954 739 3007 όπόσον
758 2973 801 3007 κεν
820 2953 888 3022 ίχων
907 2951 1012 3023 άφίκοιο

386 3048 469 3104 οἴκαδ’
490 3049 549 3104 ι’ίνευ
569 3051 711 3121 προπόλου,
734 3050 769 3119 μή
789 3051 855 3105 πάνυ
874 3048 1008 3122 γηραλέος·

348 3198 445 3272 άνόρῶν
465 3198 491 3253 δ’
513 3199 590 3253 αίνεῖν
610 3203 707 3271 τοῦτον,
730 3199 759 3257 ir
778 3200 862 3256 ε’σθλελ
882 3202 948 3256 πιὼν
968 3197 1110 3272 άναφσίνει,

387 3299 420 3353 ὥς
441 3299 465 3351 oi
485 3296 626 3366 μνημόσνν’
646 3293 672 3368 ᾗ,
694 3299 732 3353 καί
754 3302 806 3370 τόν,
828 3298 857 3357 ὃς
876 3299 943 3372 ἀμφ’
965 3298 1063 3371 άρεπής,

346 3398 401 3449 οὔτι
420 3397 506 3467 μάχας
527 3396 606 3450 διέπει
627 3394 738 3464 Τιτήνων
758 3398 817 3453 οὐδὲ
839 3399 976 3470 Γιγάντων,

386 3493 444 3548 αὖθί
465 3493 497 3548 τό
519 3491 675 3565 Κενταίιρονν,
696 3495 836 3564 πλάσματα
856 3499 908 3549 τῶν
926 3495 1065 3567 προτέραν,

345 3589 361 3661 ή
383 3593 493 3648 στάσιας
514 3593 658 3661 σφεδανάς·
687 3595 741 3648 τοῖς
761 3592 835 3647 οὐδὲν
854 3593 971 3663 χρηστὸν
990 3593 1096 3647 ἔνεστιν·

386 3691 452 3746 θεῶν
471 3691 499 3744 δὲ
519 3690 675 3761 προμηθείην
695 3690 748 3745 cliv
768 3692 837 3763 ἔχειν
857 3690 960 3764 άγαθόν.

180 3864 219 3922 In
239 3864 272 3924 fr.
290 3884 305 3923 a
321 3866 401 3943 quod
416 3874 504 3940 caput
517 3874 563 3923 est
577 3865 737 3923 sententiae
758 3865 846 3938 ῥώμης
865 3865 973 3935 α’μείνσν
993 3865 1075 3936 σοφίη
1096 3861 1171 3921 duos
1191 3881 1293 3922 uersus

139 3973 220 4022 tenet
240 3964 270 4022 in
291 3964 389 4023 medio
411 3963 523 4040 positos
545 3964 689 4034 carmine3
712 3963 846 4039 utrinque
868 3972 944 4020 stant
965 3960 1078 4030 decem,
1098 3978 1222 4037 quorum
1245 3961 1294 4037 qui

140 4062 320 4138 praecedunt
334 4063 458 4139 gloriam
478 4063 564 4136 ῥώμης
585 4061 760 4132 describunt,
777 4061 826 4139 qui
848 4069 984 4119 secuntur
999 4060 1165 4136 sapientiae.
1210 4059 1294 4117 Idem

140 4179 236 4236 genus
259 4164 415 4235 συμμετρίας
429 4171 536 4220 utrem
555 4160 585 4217 in
605 4179 663 4238 qua
684 4179 799 4219 summa
820 4159 956 4219 carminis
977 4167 1135 4217 uerteretur
1156 4167 1244 4216 staret
1264 4157 1295 4214 in

139 4259 249 4331 medio,
285 4269 352 4319 ante
389 4260 461 4320 alios
495 4258 610 4318 uidetur
638 4259 791 4335 Theognis
826 4249 987 4327 affectasse,
1017 4267 1049 4315 ut
1083 4259 1113 4316 in
1147 4256 1294 4329 119-128,

143 4377 281 4433 133·14²
298 4360 347 4436 qui
362 4358 419 4418 loci
434 4360 463 4417 in
479 4378 537 4431 424
553 4357 739 4429 diuiduntur;
760 4357 832 4415 utin
848 4356 999 4430 667-682,
1015 4357 1064 4414 ubi
1084 4354 1212 4415 sedecim
1227 4363 1295 4411 sunt

138 4475 250 4529 uersus,
266 4458 346 4535 quod
365 4470 462 4535 autem
484 4459 514 4517 in
536 4457 594 4515 fine
616 4456 723 4526 octavi,
742 4454 824 4514 initio
846 4455 917 4514 noni
938 4455 978 4512 ita
998 4455 1125 4529 positum
1138 4463 1183 4512 est
1196 4450 1212 4522 ό
1225 4454 1295 4522 μάλα
