2872 5002
565 310 623 369 no
645 308 753 368 var.
1025 382 1031 393 .
1177 313 1236 369 aas

85 478 246 538 Phaenom.
264 479 422 549 146Χόνον
440 477 640 548 ὁμαθηματικός
661 474 813 550 Πτολεμαίῳ
832 478 996 547 χαριζόμενος
1017 475 1147 555 Βτρινόιης
1166 476 1231 528 τλό-

82 602 161 647 κομον
174 578 202 646 ἐξ
216 579 293 634 αὐτοῦ
307 577 483 648 κοτηστόρισι.
515 577 645 633 τοῦτοκαὶ
660 573 826 646 Καλλίμαχός
840 596 892 632 σου
905 574 988 646 φησὶν

203 709 268 777 Τῇότ
289 705 386 785 (codd.
407 704 483 784 Ἧόό)
506 709 592 762 Κόνων
611 709 638 777 μ’
661 707 778 778 ἔβλεψεν
798 706 826 760 όν
845 704 899 780 ἠέρι
919 707 964 760 τόν
985 705 1115 778 Βερινῖκης

204 811 354 878 Βόστρυχον
374 805 425 860 ὅντ’
446 805 495 878 όριι
516 805 581 874 κείνη
603 809 683 861 πᾶσιν
702 805 774 874 ἔθηκε
795 804 902 861 θεοῖσιν.

82 952 111 1006 όν
125 955 191 1022 κείνη
206 953 372 1021 adoratoque
386 952 453 1009 θεοῖς
467 949 557 1027 uulgo
572 962 600 1009 et
614 951 656 1011 sic
670 949 820 1026 Bergkius.
864 948 995 1008 Catullus
1010 949 1052 1008 sic
1066 950 1206 1024 expressit

206 1097 299 1156 Idem
320 1116 371 1157 me
392 1099 450 1157 ille
472 1098 593 1158 Conon
615 1098 754 1158 caelesti
775 1098 911 1156 numine
932 1097 1017 1157 uidit

245 1196 271 1254 E
293 1196 504 1256 Beronicaeo
526 1199 656 1257 uertice
677 1197 862 1256 caesariem

206 1292 406 1369 Fulgentem
428 1295 525 1364 clare,
548 1314 649 1372 quam
670 1295 784 1354 multis
805 1294 862 1353 illa
884 1294 1021 1353 dearum

247 1390 350 1451 Leuia
371 1392 577 1467 protendens
598 1391 736 1452 brachia
757 1390 910 1469 pollicita
931 1402 990 1452 est.

84 1539 171 1598 Vnde
187 1539 368 1598 Scholiasten
383 1539 470 1598 credo
485 1539 647 1616 fragmenta
660 1540 690 1596 in
705 1556 796 1597 unum
818 1539 1001 1613 congessisse
1019 1547 1155 1616 quattuor
1167 1557 1232 1600 uer-

84 1655 179 1696 suum.
223 1636 382 1714 Scripserat
396 1636 590 1696 Callimachus
605 1637 661 1696 hoe
676 1636 767 1695 modo

248 1769 294 1850 (1)
334 1775 401 1842 Τῇδι
422 1777 509 1828 Κόνων
528 1771 554 1844 μ’
576 1774 693 1844 ἔβλεψεν
712 1772 740 1828 ἰν
753 1770 808 1843 ἦτ’ρι
828 1772 875 1826 τόν
895 1772 1026 1843 Reperiam

250 1867 294 1946 (2)
337 1871 488 1944 Βόστρυχον

251 1965 295 2045 (3)
738 1967 767 2021 όν
785 1965 808 2022 τ’
829 1967 878 2040 όρα
898 1968 966 2037 κείνη

250 2063 294 2142 (4)
681 2069 761 2121 πᾶσιν
781 2066 854 2135 ἔθηκε
874 2064 949 2124 θεοῖς.

128 2201 206 2260 Nam
233 2213 301 2279 post
330 2207 479 2277 Βόστρυχον
505 2203 672 2262 exciderunt
700 2202 841 2260 nonnulla
868 2220 943 2278 quae
978 2202 1147 2265 Catullianis
1175 2206 1236 2266 istis

88 2301 211 2362 Caelesti
222 2303 334 2360 numr‘m
347 2301 381 2360 F
377 2303 508 2380 algentem
521 2304 598 2361 clare
610 2300 652 2380 (8,
667 2299 699 2380 9)
713 2301 929 2378 responderent.

129 2429 173 2510 (2)
195 2431 291 2507 Elym.
313 2430 356 2491 M.
374 2450 397 2491 S.
412 2450 440 2490 u.
462 2437 598 2503 θηλαμῶν.
640 2431 744 2504 Εἴρηται
764 2433 815 2505 γὰρ
835 2433 875 2486 καὶ
896 2433 1011 2501 θηλυκῶς
1031 2433 1093 2504 κόρη
1115 2436 1148 2491 ὦς
1168 2435 1237 2507 παρὰ
1263 2505 1269 2517 .

87 2533 248 2607 Καλλιμάχῳ

292 2612 342 2682 σιἠν
362 2609 459 2690 (codd.
482 2611 524 2690 ἧν)
545 2637 573 2668 τι
595 2615 672 2685 κόρην
692 2612 782 2682 ὤμοσα
803 2613 852 2667 σόν
871 2634 899 2665 τι
919 2611 986 2676 βίον.

129 2710 259 2770 Catullus
274 2706 338 2788 (40)
353 2711 476 2768 adiuro
491 2720 594 2787 teque
609 2721 771 2787 tuumque
786 2719 897 2785 caput.

127 2839 174 2919 (3)
205 2839 300 2899 Schol.
326 2839 465 2917 Apollon.
490 2840 599 2899 Rhodii
621 2841 642 2898 Ι.
669 2859 746 2915 1323
768 2840 887 2904 Χόλοβςς
906 2838 978 2897 trinos
1002 2839 1115 2911 Σκύθαις,
1137 2841 1237 2898 mont

89 2941 195 3011 σίδηρος
214 2941 318 3013 γίνεται.
370 2941 545 3012 Καλλίμαχος·
582 2937 710 3004 Χαλύβων
729 2939 763 2995 όνς
783 2938 908 2993 όσόλοιτο
928 2939 1008 3010 γένος.
1050 2937 1094 2995 Id.
1117 2937 1156 2997 ll.
1179 2954 1236 3014 373
1269 2937 1272 2943 ¹

90 3038 234 3107 ἐκλήθησαν
261 3040 288 3093 δι’
316 3040 435 3105 Χάλυβες
459 3039 510 3093 dard
534 3040 654 3098 Χάλυβος
674 3041 719 3093 τοῦ
734 3036 833 3110 'Apenas
854 3038 921 3091 υόοῦ·
948 3038 1071 3108 μέμνηται
1094 3039 1177 3093 αὐτῶν
1198 3042 1238 3094 καὶ

90 3137 264 3207 Καλλίμαχος.

456 3218 585 3285 Χαλόβονν
605 3219 638 3275 ὧς
658 3217 782 3273 ἀπόλοιτο
801 3217 874 3290 γόνος

252 3316 353 3371 Γιιόθιν
373 3315 529 3371 όντίλλοντα
549 3317 624 3373 κακόν
644 3316 728 3387 φυτόν
747 3313 774 3371 οἵ
791 3337 834 3386 μιν
853 3316 958 3386 ἔφηναν.

91 3445 221 3505 Catullus
236 3444 301 3524 (48)
322 3447 484 3523 Iuppiter,
505 3457 540 3505 ut
562 3446 752 3522 Chalybum
772 3463 872 3505 omne
893 3464 1000 3522 genus
1015 3457 1131 3522 pereat

273 3544 316 3602 Et
336 3546 392 3621 qui
414 3545 587 3621 principio
609 3545 670 3604 sub
693 3555 780 3604 terra
802 3563 965 3622 quaerere
986 3562 1092 3603 uenas

315 3642 449 3700 Institit
469 3661 507 3701 ac
529 3643 607 3701 ferri
628 3643 796 3718 stringere
816 3642 982 3703 duritiem.

92 3771 179 3830 Vnde
193 3790 211 3830 a
225 3772 370 3849 plerisque
387 3738 582 3833 Callimachus
597 3775 638 3833 sic
654 3774 804 3851 scripsisse
819 3775 944 3836 creditur

276 3909 324 3960 Ζεῦ
343 3907 434 3978 ntro,
456 3907 490 3963 ὧς
511 3906 639 3971 Χαλύβων
658 3910 710 3963 πᾶν
730 3909 854 3963 ἀπόλοιτο
869 3908 950 3979 γόνος.

134 4031 180 4090 Ex
203 4031 248 4092 his
271 4034 361 4093 tribus
387 4033 555 4111 fragmentis
579 4036 693 4095 uidetur
715 4035 846 4095 Catullus
870 4036 986 4094 liberius
1014 4034 1134 4111 quidem
1156 4034 1243 4095 Calli·

92 4130 229 4190 machum
254 4132 432 4207 expressisse
453 4134 492 4191 ita
513 4142 611 4192 tamen
632 4144 664 4191 ut
685 4133 856 4210 plerumque
877 4133 1003 4191 eundem
1024 4150 1161 4191 uersuum
1183 4151 1242 4192 ser·

92 4237 176 4287 naret
199 4247 362 4289 numemm.
405 4229 521 4290 incerta
546 4240 613 4290 sunt
637 4248 713 4306 quae
737 4248 816 4288 nunc
840 4230 960 4289 subicio.
1003 4229 1098 4306 Etym.
1121 4228 1163 4289 M.
1178 4249 1200 4289 s.
1216 4250 1244 4291 u.

91 4325 238 4398 Ἀσσύριοι.
282 4327 421 4403 Ἀσσόριοι
445 4332 475 4386 τό
498 4329 579 4387 ἔθνος.
629 4330 797 4401 Καλλίμαχος
811 4326 849 4384 ’H
872 4326 920 4406 (ἤι’
942 4323 1104 4407 Porsonus)
1124 4329 1171 4385 ἀπ’
1193 4326 1246 4407 (ἐπ’

93 4422 299 4506 Blomfieldus)
313 4430 462 4503 ’Annupluv
475 4427 590 4501 ἦρεδοτν)
604 4429 719 4501 στρατίη.
