2872 5002
623 352 839 414 EXCVRSVS

526 567 742 630 nxcvnsvs
764 570 801 629 au
824 569 949 644 L111.5.

201 724 273 784 Non
313 724 600 803 praetermittendum
640 735 702 783 erat
736 724 818 801 quod
853 735 1068 783 commemorat
1111 723 1241 783 Vossius
1280 719 1312 780 ad

160 821 265 881 Catull.
299 842 328 900 p.
365 842 433 899 229,
466 824 655 898 cotopuedium.
720 823 788 882 ‘Sic
830 821 912 880 Bruti
952 823 1113 899 pusionem
1156 823 1313 878 κολοπωδίω

160 922 278 979 uocauit
299 921 446 980 Martialis.
491 920 570 979 Nam
584 939 644 998 quo
662 920 730 980 loco
750 922 781 979 in
798 919 998 997 Apophoretis
1011 919 1111 998 (XIV.
1131 916 1205 996 17¹)
1218 919 1313 996 legitur

161 1018 275 1091 Βρούτου
295 1022 404 1091 παιδίον,
422 1020 453 1077 in
475 1019 594 1094 optimis
616 1018 767 1077 Thuaneis
788 1018 967 1077 membranis
988 1018 1132 1094 scriptum
1154 1017 1313 1076 inuenimus

160 1115 838 1188 BROVTOu1CVLOPEmONFlcfflLE,
877 1115 1071 1192 proculdubio
1113 1133 1172 1192 pro
1208 1116 1314 1190 Βρούτου

162 1219 326 1274 κολσπαιδίον
355 1215 458 1275 fictile!
514 1215 602 1273 Hanc
637 1216 809 1292 scripturam
844 1214 981 1273 Thuanei
1016 1214 1130 1274 codicis
1167 1214 1316 1274 confirmat

163 1315 396 1375 Schneideuinus
430 1323 570 1391 apparatu
604 1331 669 1384 suo,
704 1314 754 1389 qui
789 1324 888 1372 tamen
923 1313 1123 1372 coniecturam
1159 1314 1317 1370 καλωδίου

163 1412 348 1473 Beuerlando
362 1413 497 1488 assignat.
527 1409 626 1469 Gloss.
642 1410 727 1469 Bodl.
742 1410 827 1469 Auct.
843 1410 881 1469 T.
896 1410 934 1469 IL
952 1430 989 1482 24
1004 1411 1071 1469 colo.
1085 1411 1200 1469 calatia
1215 1409 1316 1468 conatu

161 1517 190 1569 et
201 1512 340 1569 canistelli
350 1510 490 1589 (fortasse
504 1508 668 1566 celoculathi
678 1509 821 1566 reuumlae
834 1505 994 1586 canr'stelli).

500 1801 740 1861 ADDENDVM
762 1804 799 1862 ad
821 1803 884 1861 LV.
902 1816 990 1878 7-10.

207 1959 292 2018 Haec
307 1959 349 2018 sic
363 1958 462 2018 scribit
476 1957 586 2016 Munro
601 1957 777 2036 (Criticisrns
791 1959 852 2016 and
863 1957 1061 2016 Elucaeilutzbns
1075 1975 1105 2035 p.
1127 1958 1200 2037 130)

371 2071 538 2131 Femellas
559 2090 686 2142 omnes,
709 2073 827 2143 amice,
849 2071 971 2149 prendi

369 2170 464 2244 Quas
485 2169 580 2228 uultu
601 2170 672 2228 uidi
693 2180 806 2229 tamen
828 2187 961 2230 sereno.

371 2269 398 2326 Α
419 2267 473 2326 uel
493 2277 526 2326 te
548 2268 596 2326 sIc
617 2268 689 2343 ipse
712 2266 910 2343 flagitabam

372 2365 587 2425 ‘Camerium
608 2365 698 2437 mihi,
721 2366 892 2443 pessimae
913 2365 1067 2444 puellae.⁹

168 2501 279 2559 Versus
295 2518 312 2574 9
327 2499 417 2556 uerba
432 2499 460 2555 A
475 2497 528 2556 uel
550 2509 582 2556 te
605 2499 652 2556 sic
674 2498 713 2555 ita
735 2497 865 2572 defendit
885 2508 917 2557 ut
936 2499 992 2557 uel
1013 2497 1052 2557 ad
1073 2498 1125 2556 sic
1139 2498 1245 2556 referat
1260 2495 1319 2565 ‘ab‚

39 2590 47 2602 ’
169 2618 241 2658 even
264 2616 298 2655 so
313 2596 327 2653 1
342 2595 501 2654 continued
523 2606 553 2653 to
576 2595 704 2653 demand
724 2612 783 2671 you
805 2594 840 2653 of
857 2593 954 2666 them,'
973 2595 1150 2672 interposito
1171 2596 1222 2654 sic
1236 2604 1274 2652 'ut
1292 2595 1320 2650 in

169 2695 237 2754 Tib.
252 2695 304 2754 IV.
323 2713 368 2751 11.
386 2713 402 2767 3
418 2693 444 2751 Α
462 2712 509 2768 ego
524 2711 577 2749 non
591 2693 674 2749 aliter
686 2695 778 2749 tristes
791 2693 913 2750 eut‘rtcere
930 2692 1036 2751 morbos
1053 2691 1186 2767 Optorint
1200 2711 1282 2768 quant
1295 2697 1321 2747 te

168 2795 333 2869 st'quoque
353 2792 420 2848 uelle
437 2794 536 2864 putem,
559 2788 646 2847 Mart.
661 2789 714 2847 IX.
731 2793 758 2847 8.
775 2811 792 2865 9
811 2791 943 2848 Dilexere
958 2792 1043 2864 preits
1058 2793 1149 2864 pueri
1166 2793 1321 2864 eieuenesque

170 2909 294 2965 senesque
315 2890 358 2946 At
377 2907 450 2944 nunc
470 2888 620 2964 infantes
641 2893 669 2943 te
690 2906 821 2962 quoque,
847 2887 963 2956 Caesar,
985 2896 1090 2955 omont,
1106 2887 1161 2944 IV.
1181 2907 1227 2963 19.
1247 2906 1280 2944 12
1296 2896 1322 2944 et

170 2989 250 3063 apud
265 2987 431 3044 Lucretium
446 2983 528 3041 Illud
539 2987 569 3040 in
583 2985 628 3041 tiis
642 3004 744 3060 quoque
757 2991 781 3042 te
796 2985 885 3042 rebus.
929 2984 985 3044 Pro
1005 2986 1079 3061 ipse
1097 2997 1198 3044 autem
1221 2984 1321 3044 conicit

172 3103 288 3161 usque.

529 3301 742 3362 EXCVRSVS
763 3303 801 3362 ad
823 3304 901 3363 LVI.
921 3323 964 3361 ra.

214 3468 304 3540 Quod
319 3466 377 3526 DG
392 3467 501 3525 habent
516 3465 613 3537 Hem,
636 3468 664 3525 id
686 3469 807 3529 fortasse
828 3470 964 3544 antiquae
987 3468 1147 3543 scripturae
1168 3468 1323 3542 uestigium

172 3579 223 3628 est.
267 3567 340 3625 Cod.
358 3566 438 3624 Harl.
457 3568 535 3639 6514
550 3565 601 3623 En
620 3568 829 3625 demonstrantis
850 3573 891 3624 est
907 3586 968 3624 cum
990 3567 1181 3642 indignatione
1189 3588 1205 3633 ,·
1227 3575 1255 3625 et
1271 3571 1325 3624 sine

173 3668 341 3741 aspiratione
355 3666 496 3723 scribitur.
539 3665 685 3722 quenalis
700 3685 788 3741 quam
804 3677 831 3724 te
847 3686 881 3725 ac
897 3667 959 3724 iura
978 3665 1128 3723 serentem.
1173 3664 1252 3723 Hen
1268 3684 1325 3722 curt

173 3766 341 3839 aspiranum
368 3765 550 3837 respondentis
577 3771 623 3822 est.
666 3764 724 3823 Pro
745 3764 806 3823 hec
830 3764 910 3840 quod
931 3781 998 3821 cum
1021 3763 1123 3821 ceteris
1144 3781 1182 3820 ex
1206 3763 1261 3822 hic
1283 3762 1325 3821 uel

174 3861 249 3920 heic
274 3872 416 3920 mutatum
441 3861 537 3929 habui,
560 3862 660 3919 nescio
685 3880 723 3919 an
745 3880 806 3919 non
827 3860 983 3937 legendum
1005 3861 1041 3919 sit
1062 3877 1150 3918 ecce.
1197 3860 1326 3920 Coniun-

175 3972 283 4038 guntur
309 3961 359 4018 En
385 3978 464 4018 ecce
491 3959 558 4017 Sen.
584 3960 659 4018 Oed.
688 3979 764 4033 1004
788 3961 839 4018 En
861 3979 942 4020 ecce
970 3961 1069 4035 rapido
1093 3979 1179 4016 saeua
1195 3960 1329 4035 prosiluit

169 4061 267 4137 gradu
278 4059 387 4116 Iocasta
399 4077 498 4127 uecors,
510 4060 590 4134 quod
605 4060 707 4118 iniuria
722 4061 751 4117 in
766 4060 808 4118 Et
821 4078 902 4118 ecce
916 4059 1088 4117 mutandum
1104 4069 1207 4115 censet
1223 4056 1326 4115 Koziol

176 4157 229 4217 Stil
251 4157 302 4215 des
326 4156 466 4231 Apuleius
495 4175 522 4232 p.
553 4158 617 4233 14'9.
660 4158 774 4234 Apuleii
800 4156 871 4215 Met.
894 4156 917 4214 Ι.
944 4175 956 4212 1
981 4155 1032 4213 En
1056 4173 1138 4214 ecce
1156 4157 1327 4233 praefamur

174 4257 292 4325 uentum,
307 4255 357 4312 ubi
376 4254 444 4313 uide
466 4253 708 4315 Hildebrandum.
723 4254 809 4313 VIII.
834 4256 870 4313 26
892 4255 1017 4325 Puellae,
1038 4272 1149 4310 serum
1172 4254 1252 4311 uobt's
1268 4253 1325 4327 pul·

174 4354 270 4412 cellum
285 4369 326 4411 en
341 4368 421 4410 ecce
435 4360 570 4411 mercatus
578 4355 715 4430 perduxi.
751 4353 788 4412 X.
804 4374 822 4428 9
838 4352 921 4410 Iussi
931 4354 962 4410 de
976 4353 1041 4409 mer's
1055 4351 1175 4425 ult'quent
1189 4351 1328 4409 currr'cuto

175 4452 288 4511 taberna
308 4459 461 4528 promptum
486 4453 607 4530 afferre:
634 4459 661 4511 et
679 4472 720 4511 en
741 4470 821 4512 ecce
835 4452 974 4527 perlatam
995 4468 1088 4507 coram
1110 4450 1229 4507 exhibeo
1250 4448 1325 4530 (hen
