2872 5002
410 327 639 388 CARMINVM
668 327 858 388 CATVLLI.
1155 334 1211 389 271

49 498 144 575 poulo
161 503 224 553 onie
243 514 332 553 comae
351 515 410 553 meo
418 497 492 574 sala
513 515 621 557 sorores
641 494 797 574 Lugebani.
855 496 1008 555 Habemus
1030 496 1115 573 igitur
1135 496 1214 559 hanc

55 596 325 655 dinumerationem
353 613 388 666 14
414 613 451 666 24
479 613 524 658 ra.
572 594 730 671 Reliquum
758 614 884 666 carmen,
913 614 961 657 me
989 594 1093 665 iudice,
1123 595 1214 654 semel

56 703 174 751 tantum
199 695 239 756 ita
263 693 406 763 diuiditur,
431 704 463 750 ut
488 693 604 768 partitio
632 704 714 752 extra
742 694 952 753 dubitationem
977 694 1021 753 sit.
1062 694 1139 774 Dico
1165 705 1215 752 aut

56 803 129 871 post
149 794 186 866 76
209 803 258 850 aut
279 801 346 868 post
366 794 412 865 78.
455 791 599 850 Frankius
619 792 842 851 Lachmannum
865 803 982 852 secutus
1004 794 1054 870 qui
1075 811 1130 869 pro
1160 793 1213 852 Vn·

53 892 170 969 guentis
185 892 215 947 in
229 908 256 948 u.
275 895 312 964 78
327 889 397 966 legit
419 890 557 967 Vngrunti
566 891 596 947 si
607 891 823 951 distinctionem
837 892 921 969 ponit
935 901 1003 967 post
1019 893 1056 965 76
1071 892 1162 968 Asore
1174 910 1215 949 ne

56 1010 78 1048 α
89 992 215 1049 dominae
228 991 326 1046 uertr'ce
339 990 500 1060 discrucior,
515 998 547 1046 ut
561 990 695 1065 proxima
708 992 831 1064 περικωιὴ
847 991 959 1053 initium
974 991 1060 1048 ducat
1075 1009 1093 1048 a
1108 1003 1155 1064 77.

228 1105 345 1176 Quicum
366 1123 413 1180 ego
434 1104 498 1160 dun
520 1105 602 1180 uirgo
623 1106 758 1180 quondam
767 1105 839 1183 suit
857 1106 981 1164 omnr'bus
1001 1117 1102 1182 expers

273 1204 412 1279 Vnguenli
430 1205 459 1260 si
475 1222 533 1259 uno
554 1203 635 1259 meleis
655 1205 743 1261 mulla
763 1204 827 1275 bibi,

226 1301 314 1361 Nunc
334 1321 383 1359 uos
403 1307 490 1376 minio
510 1319 581 1377 quos
602 1302 702 1360 iunxit
719 1303 822 1359 lumine
841 1304 901 1360 ledo

264 1399 332 1458 Non
349 1407 413 1476 post
430 1400 573 1456 unanimis
593 1411 708 1475 corporo
729 1401 889 1477 coniugibus

229 1498 343 1556 Tradite
363 1499 497 1556 nudantes
517 1499 616 1556 reieeio
637 1504 707 1555 nesle
720 1500 846 1574 popr'llas

269 1595 344 1666 Qut'n
365 1599 480 1655 iocunda
500 1597 574 1654 milri
591 1615 707 1654 munera
728 1596 794 1655 libet
811 1616 896 1674 onyx.

102 1712 162 1772 Sed
176 1730 229 1770 cur
242 1711 278 1769 de
293 1709 434 1770 Beronice
449 1711 559 1787 uirgine
573 1710 699 1787 loquitur
713 1713 819 1771 coma?
861 1710 942 1772 Num
956 1715 1083 1791 uirgines
1101 1725 1213 1774 tantum

59 1812 265 1887 ungebantur?
307 1810 400 1881 Quasi
419 1829 490 1870 uero
508 1830 568 1871 non
591 1811 764 1889 praecipuus
785 1822 861 1870 esset
881 1812 911 1869 in
930 1814 1038 1889 nuptiis
1056 1831 1127 1872 usus
1146 1813 1212 1874 olei.

59 1910 187 1980 Deinde,
207 1910 231 1968 si
250 1907 345 1968 Coma
365 1910 507 1986 unguenti
529 1910 607 1969 milia
628 1910 719 1969 multa
740 1910 770 1967 in
790 1908 911 1987 uirginis
928 1912 1033 1970 uertice
1055 1911 1213 1971 Beronices

60 2011 188 2081 bibebat,
212 2027 230 2066 a
252 2009 411 2084 uirginibus
434 2009 559 2085 petenda
582 2017 664 2067 erant
686 2007 790 2066 eadem
815 2026 936 2068 munera
961 2011 1111 2086 unguenti.
1154 2009 1214 2069 Cur

60 2109 147 2184 igitur
169 2107 207 2165 ad
226 2116 331 2183 nuptas
352 2125 383 2166 se
404 2109 556 2179 conuertit,
572 2126 667 2184 neque
688 2125 739 2165 eas
760 2117 899 2177 recentes,
921 2107 973 2167 sed
994 2126 1070 2184 quae
1092 2118 1212 2185 possent

61 2224 126 2265 esse
147 2204 312 2263 adulterae?
355 2204 479 2264 Facilius
497 2226 515 2264 a
533 2208 629 2266 uerbis
652 2205 738 2264 Nunc
758 2223 807 2262 uos
828 2205 941 2264 ducitur
957 2207 1130 2264 exordium:
1156 2225 1212 2265 nec

61 2304 187 2363 multum
211 2303 316 2362 haereo
339 2303 369 2361 in
397 2323 433 2363 eo
459 2305 540 2381 quod
569 2304 711 2364 Frankius
738 2304 835 2375 obicit,
860 2304 974 2363 inficere
1002 2303 1212 2364 Callimachum

62 2404 180 2474 dixisse,
205 2403 229 2460 si
252 2413 467 2480 unguentorum
492 2421 580 2463 causa
604 2403 761 2463 Beronices
784 2402 924 2463 uerticem
944 2403 1027 2462 astris
1051 2402 1211 2479 praelatum

61 2504 201 2562 tinxisset.
243 2501 321 2559 Nam
336 2503 366 2559 in
381 2512 442 2561 toto
457 2513 592 2579 poemate
608 2503 707 2561 subest
728 2502 827 2560 nescio
841 2501 912 2577 quid
932 2500 1025 2560 iocosi
1046 2500 1092 2558 uel
1114 2500 1210 2576 potius

61 2602 188 2660 comici:
211 2599 278 2657 talia
301 2609 368 2657 sunt
393 2599 501 2659 ludicra
523 2601 570 2659 illa
594 2600 741 2660 abscissae
762 2616 865 2659 comae
885 2616 954 2657 cum
975 2597 1109 2674 perfosso
1132 2597 1211 2656 Atho

62 2699 251 2774 comparatio,
267 2715 364 2755 sermo
384 2698 420 2756 de
438 2699 523 2757 nouis
544 2699 643 2775 nuptis
663 2697 787 2768 liberior,
802 2697 967 2773 deprecatio
988 2695 1124 2754 Nemesis
1138 2693 1211 2773 (71),

61 2797 119 2873 ipsi
133 2796 258 2873 denique
273 2797 415 2872 postremi
430 2796 489 2855 duo
504 2814 615 2866 uersus,

226 2917 330 2977 Sedere
350 2928 511 2977 corruerent
529 2921 659 2977 uanum!
685 2938 759 2977 coma
780 2920 859 2995 regia
871 2917 970 2993 fiam,·

266 3016 428 3077 Proximus
447 3017 749 3096 Ialydrochoisulgerei
771 3016 887 3075 Oarion.

105 3134 207 3210 Itaque
222 3143 289 3210 post
306 3137 343 3208 78
358 3133 543 3193 distinctione
562 3135 667 3213 posita,
682 3134 814 3193 ultimam
834 3134 974 3208 περικοπὴν
987 3131 1114 3213 (79-94)
1130 3134 1212 3192 sede-

62 3234 122 3293 cim
137 3249 273 3290 uersuum
287 3231 370 3290 iacio.
413 3230 567 3291 Habemus
582 3233 667 3308 igitur
685 3250 720 3303 14
738 3249 774 3303 24
794 3251 827 3290 12
846 3234 973 3296 afli-16.
1015 3231 1103 3290 Vnde
1124 3234 1212 3292 totius

62 3330 197 3406 σχήματος
211 3327 293 3387 lacile
304 3329 412 3388 elicitur
426 3330 515 3389 ratio:
538 3348 607 3388 nam
625 3349 661 3400 24
680 3330 709 3386 in
728 3347 761 3386 12
774 3346 796 3390 κ
807 3347 834 3399 a,
852 3332 888 3387 28
904 3329 934 3386 in
953 3348 987 3401 14
999 3348 1047 3392 xa
1064 3331 1211 3389 scinditur.

62 3433 153 3501 Σχῆμα
167 3427 252 3503 igitur
269 3437 312 3485 est
333 3427 390 3486 hoc
409 3446 443 3498 14
463 3446 497 3484 12
517 3447 551 3485 12
571 3446 606 3485 12
627 3446 661 3498 14
682 3429 808 3497 144-16.
851 3427 998 3486 Numeros
1016 3447 1060 3498 14,
1080 3447 1113 3484 12
1130 3446 1213 3503 repe·

61 3527 131 3585 titos
146 3526 326 3584 inueniemus
341 3525 371 3583 in
386 3524 527 3584 LXVIII.

105 3624 251 3684 Carminis
278 3623 418 3681 LXVIII.
452 3643 529 3695 1-4ο
552 3624 609 3682 alio
637 3641 689 3683 eos
714 3623 833 3699 quidem
861 3625 984 3699 scriptos
1011 3632 1152 3698 tempore,
1177 3641 1212 3682 ac

63 3720 219 3800 41—(160)‚
235 3734 407 3781 nontamen
429 3723 466 3781 ab
488 3724 522 3781 iis
543 3733 682 3799 tanquam
705 3723 852 3781 diuersum
873 3740 981 3798 poema
1002 3721 1211 3794 disiungendos

62 3840 128 3880 esse
149 3821 257 3878 iamin
278 3822 413 3881 carminis
435 3820 615 3882 Praelatione
637 3822 731 3881 docui.
776 3820 833 3879 Sed
855 3840 922 3879 cum
941 3838 1018 3891 1-4ο
1040 3820 1122 3895 quasi
1143 3837 1212 3894 pro·

61 3921 149 3995 logus
173 3919 292 3995 quidam
314 3921 377 3990 sint,
401 3920 566 3996 quaerenda
586 3932 630 3980 est
654 3921 759 3980 horum
783 3939 857 3997 quae
883 3921 919 3980 sit
944 3918 1109 3993 descripti0,
1133 3917 1211 3975 unde

62 4029 218 4093 sequentes
240 4016 349 4077 facilius
371 4019 544 4094 dIgerantur.
587 4018 672 4090 Quae
694 4018 811 4095 quidem
832 4018 907 4077 adeo
928 4034 988 4074 non
1011 4025 1054 4074 est
1075 4015 1212 4089 ambigua

61 4127 93 4175 ut
108 4118 157 4175 uix
173 4116 228 4174 alia
241 4117 334 4194 possit
354 4135 419 4177 esse
439 4136 527 4194 quam
542 4118 693 4193 quomodo
708 4136 725 4176 a
740 4136 787 4174 me
802 4126 831 4173 et
845 4113 989 4172 Frankio¹
1005 4112 1155 4171 distributa
1169 4122 1212 4170 est

96 4341 105 4373 ¹
122 4343 167 4390 Vn.
176 4354 258 4403 21-24
266 4342 382 4389 immerito
393 4357 407 4389 a
419 4343 524 4404 Gmppio
536 4342 676 4391 Bernhardio
689 4342 717 4390 A.
727 4341 814 4388 Weisio
825 4339 934 4400 suspectis
946 4338 1000 4386 satir
1011 4336 1147 4400 patrocinati
1159 4343 1212 4386 sunt

62 4426 218 4488 Westphalius
236 4423 400 4487 Frankiusque.
434 4425 504 4484 Quod
519 4438 557 4486 23,
576 4438 607 4487 14
626 4431 757 4485 repetuntur
775 4422 832 4469 inira
846 4421 911 4486 (95),
925 4418 981 4486 (96)
994 4420 1099 4472 consulto
1116 4419 1139 4465 id
1156 4416 1212 4471 iecit
