2872 5002
410 304 640 365 CARMINVM
671 304 862 364 CATVLLI.
1154 311 1210 367 291

61 482 93 532 ut
112 472 214 531 relicto
239 481 307 550 post
330 489 346 546 3
369 471 494 531 duomm
516 471 620 548 spatio,
646 481 738 531 totum
762 491 798 532 ex
823 473 1057 550 quattuordecim
1081 475 1214 534 uersibus

61 580 194 630 constare
218 569 331 629 faciam.

102 668 136 729 C.
160 667 297 726 XXXIII
322 666 377 724 XL
401 665 472 725 XLI
496 667 553 726 hoc
582 667 691 726 habent
718 686 885 741 commune,
910 670 991 747 quod
1019 669 1118 728 omnia
1145 679 1213 730 sunt

60 776 130 825 octo
149 784 296 827 uersuum.
340 765 399 823 Sed
421 765 556 824 XXXIII
577 767 608 824 in
629 785 690 839 4,4
712 767 895 826 distributum
914 778 973 840 est;
995 766 1051 826 XL
1065 767 1136 827 XLI
1151 787 1213 826 non

60 864 156 923 solum
170 865 201 921 in
217 884 243 935 4,
260 882 277 934 4
293 862 344 921 sed
359 862 462 921 iterum
477 864 507 921 in
524 882 570 934 aa,
588 883 624 921 aa
647 863 826 936 scinduntur,
840 866 871 924 id
885 867 964 925 enim
978 867 1008 924 in
1022 865 1093 924 XLI
1113 865 1212 925 Catul-

60 960 121 1019 lum
135 962 264 1019 uoluisse
278 971 362 1019 acute
376 962 524 1037 perspexit
539 960 727 1034 Ribbeckius,
742 964 901 1023 cumidem
922 965 1099 1024 uocabulum
1116 965 1211 1041 puello

58 1059 175 1118 alternis
189 1059 321 1117 uersibus
334 1076 346 1115 1
363 1078 379 1134 3
392 1073 438 1133 57
455 1060 608 1135 scripserit,
623 1060 668 1118 bis
684 1071 751 1138 post
764 1072 898 1139 quartam
912 1062 1052 1140 syllabam
1068 1062 1108 1142 (r,
1122 1059 1151 1141 7)
1166 1063 1211 1120 bis

59 1169 127 1235 post
141 1169 255 1217 sextam
270 1156 311 1235 (3,
327 1154 368 1234 5).

343 1263 470 1321 Ameana
492 1263 588 1340 puella
607 1265 732 1341 defututa

388 1360 457 1419 Toto
479 1362 558 1419 milio
578 1380 620 1419 me
639 1364 724 1420 decem
740 1365 869 1438 poposcit,

343 1458 405 1518 Ista
426 1462 564 1535 turpiculo
585 1461 682 1537 puella
702 1481 777 1533 noso,

383 1557 543 1615 Decoctorr's
563 1560 653 1616 omaro
677 1558 833 1617 Formtbm'.

343 1656 512 1733 Propinqui}
535 1658 635 1732 qur'bus
655 1665 695 1716 est
713 1659 810 1735 puella
831 1677 924 1729 curae,

383 1756 495 1814 Amicos
515 1756 679 1830 medz'cosque
698 1765 847 1815 conuocotc.
940 1772 945 1783 ·

342 1856 410 1915 Non
430 1863 471 1913 est
488 1875 560 1912 sano
582 1855 687 1931 puella,
710 1875 757 1914 nec
778 1874 881 1932 rogaro

386 1953 486 2026 Qualis
506 1956 545 2011 sit
562 1954 629 2011 solet
646 1973 692 2011 aes
713 1955 904 2030 tinagzitosum.

99 2059 134 2118 C.
162 2058 294 2118 XLVIII
320 2060 401 2138 quod
423 2060 461 2118 ad
483 2059 650 2118 quentium
672 2061 786 2138 scripsit
806 2059 938 2120 Catullus
960 2067 1065 2135 sponte
1085 2059 1117 2117 in
1138 2059 1211 2118 duas

57 2156 195 2233 strophas
215 2160 356 2218 trinorum
377 2157 517 2217 scinditur
532 2155 562 2235 (3
574 2176 596 2219 x
607 2155 646 2236 2).

588 2367 622 2424 A.
645 2365 684 2425 Il.

381 2488 470 2547 XVII
484 2488 617 2547 XXXVI
631 2489 780 2549 XXXVII
794 2490 889 2551 XLII.

100 2594 187 2655 Haec
197 2597 297 2655 omnia
307 2595 378 2655 illud
387 2594 496 2654 habent
505 2614 664 2655 commune
675 2596 757 2672 quod
770 2598 870 2657 omnia
880 2598 915 2656 in
921 2595 1021 2654 medio
1032 2594 1212 2667 scinduntur,

59 2692 150 2751 XVII
164 2695 195 2752 in
213 2713 248 2769 13
259 2710 281 2752 x
294 2712 319 2766 2,
334 2693 466 2752 XXXVI
487 2693 635 2753 XXXVII
650 2707 771 2773 utraque
785 2696 815 2754 in
833 2713 870 2755 ro
881 2713 941 2766 xa,
955 2693 1042 2753 XLII
1056 2695 1087 2751 in
1105 2710 1139 2752 ra
1152 2711 1174 2756 x
1185 2710 1212 2752 a.

59 2791 95 2849 Iu
110 2791 200 2850 XVII
214 2803 236 2849 Α
251 2791 358 2871 (1-13)
373 2791 505 2851 Catullus
519 2803 582 2851 orat
595 2792 760 2866 Coloniam,
775 2803 815 2866 ut,
831 2795 856 2852 si
870 2793 939 2853 uelit
956 2803 1047 2869 ponte
1066 2809 1147 2851 nouo
1161 2791 1212 2862 uti,

57 2891 238 2967 municipem
251 2892 400 2968 quendam
415 2908 501 2950 suurn
516 2892 545 2949 in
560 2893 649 2950 imam
670 2893 750 2952 lacus
763 2893 936 2968 uoraginem
952 2893 1103 2967 demergat
1110 2898 1213 2967 utpote

58 2989 287 3049 stolidissimum.
316 3001 336 3046 Β
351 2988 478 3069 (14-26)
493 2990 641 3050 stultitiam
657 2990 799 3050 describit.
833 2990 936 3050 Homo
951 2991 1072 3067 supinus
1087 2989 1213 3066 puellam

58 3086 213 3147 delicatam
227 3105 303 3164 quae
319 3089 372 3147 sibi
386 3089 493 3165 nupsit,
510 3088 649 3166 neglegit,
664 3087 734 3147 nihil
748 3089 835 3161 uidet,
846 3088 918 3148 nihil
932 3089 1021 3149 audit.
1063 3087 1177 3147 Rursus
1191 3099 1213 3144 a

58 3187 89 3243 in
110 3188 158 3258 76,
179 3188 307 3264 itemque
326 3197 346 3242 Β
370 3186 525 3256 diuiditur;
550 3199 570 3243 Α
592 3205 678 3246 uersu
700 3204 761 3264 quo
782 3190 917 3248 transitus
938 3188 970 3246 fit
990 3206 1009 3247 a
1028 3185 1155 3246 Colonia
1175 3186 1213 3244 ad

57 3282 165 3342 Catulli
180 3295 290 3356 uotum,
305 3296 325 3340 B
339 3303 428 3344 uersu
444 3305 478 3343 ar
501 3285 582 3344 Totis
602 3286 652 3342 iste
673 3304 748 3343 meus
768 3294 862 3362 stupor
876 3289 922 3344 m'l
939 3288 1014 3344 uzo'ct
1031 3285 1106 3342 nr'hil
1124 3284 1213 3342 audit.

58 3382 118 3441 Sed
154 3401 192 3441 ne
221 3384 262 3442 sic
290 3383 410 3460 quidem
438 3385 539 3442 omnia
567 3383 757 3460 eprcantur.
814 3384 893 3443 Nam
924 3387 1036 3462 priores
1064 3383 1213 3456 utriusque

57 3480 196 3556 strophae
210 3485 346 3553 περικοπαὶ
367 3480 417 3560 (Aa
435 3479 484 3560 Ba)
502 3483 532 3539 in
548 3500 566 3554 4
585 3501 599 3539 a
621 3501 632 3538 1
651 3481 804 3542 discedunt
820 3482 872 3559 (Aa
886 3483 938 3538 nal
952 3482 1011 3538 nam
1027 3491 1062 3536 Ba
1077 3479 1127 3534 Bd'
1143 3475 1215 3554 Bam)

56 3595 133 3654 quae
157 3579 212 3638 sibi
235 3579 361 3638 inuicem
387 3591 416 3639 et
441 3581 547 3639 eodem
571 3579 752 3657 respondent
774 3581 884 3639 ordine.
937 3579 1052 3638 Alteras
1075 3579 1215 3650 neptensis

55 3694 196 3735 senorum
216 3695 354 3738 uersuum
375 3677 453 3738 haud
476 3681 537 3738 scio
560 3697 598 3737 an
620 3696 681 3738 non
703 3688 813 3738 temere
834 3678 864 3738 in
881 3698 908 3752 4,
926 3698 941 3736 a
958 3677 1027 3737 olim
1048 3674 1213 3734 diuiserim:

56 3775 160 3833 melius
175 3775 296 3836 tortasse
311 3777 438 3852 priorem
450 3778 480 3834 in
497 3796 544 3848 42,
557 3777 749 3853 posteriorem
764 3777 794 3835 in
811 3796 838 3849 a,
854 3774 1068 3850 4distribueris.
1090 3771 1169 3830 Nam
1183 3780 1215 3830 ut

55 3872 199 3931 Frankius
217 3874 297 3944 uidit,
313 3893 331 3933 a
352 3893 439 3933 uersu
462 3894 499 3949 ²3
520 3873 608 3932 Nunc
629 3895 688 3933 cum
704 3876 764 3933 uolo
778 3877 809 3933 de
823 3882 867 3933 tuo
882 3881 962 3951 ponte
976 3875 1078 3931 mittere
1095 3881 1214 3947 pronum

55 3971 172 4030 uidetur
187 3989 266 4030 noua
280 3971 378 4031 inferri
393 3973 544 4031 sententia.
587 3972 688 4048 Itaque
705 3983 798 4031 totum
812 3978 901 4046 σχῆμα
916 3972 973 4031 hoc
987 3970 1050 4029 est¹

394 4115 542 4180 :5742
660 4116 810 4177 [3724

467 4182 804 4296 ἕ

323 4405 329 4434 ¹
348 4407 421 4454 Aliter
435 4407 545 4454 Frankius
557 4409 596 4468 qui
609 4409 640 4454 sic
653 4408 758 4454 describit
772 4416 784 4468 7
801 4406 804 4471 l
820 4419 886 4469 4,ss
899 4421 936 4468 ,4.

608 4509 626 4549 U
644 4509 658 4546 2
