2872 5002
138 317 176 375 lvi
530 305 894 369 PROLEGOMENA.

142 495 259 572 Effugit
285 493 352 573 (sic)
380 495 422 550 mi
442 495 559 563 animur,
582 492 659 549 credo
687 498 720 548 ut
744 491 811 548 solet
833 490 874 546 ad
894 488 1062 546 Theotimum
1090 487 1212 564 Priapia
1255 485 1292 546 Iu

143 594 237 651 sronte
255 592 397 668 Propertii
417 591 618 666 scriptumest
636 588 724 647 Sexti
734 587 852 644 Aurelii
862 586 1012 661 Propertii
1027 591 1128 643 naulae
1146 584 1292 644 monobiles

143 691 195 747 Ad
203 690 346 750 Cr'ntlrr'am
361 680 450 746 Liber
456 689 569 763 prr'mus
584 687 684 762 incipit
691 686 819 763 feliciter
829 704 840 740 :
861 684 892 740 in
906 683 985 742 calce
1000 681 1089 742 Sexti
1099 683 1220 741 Aurelii
1223 693 1293 758 pro·
1328 750 1339 761 ·

136 792 229 868 pertii
246 796 346 848 nautae
366 788 510 847 monobiles
531 788 572 844 ad
585 785 729 846 Cunthiam
746 785 883 856 foeliciter
896 784 1014 858 explicit
1028 792 1080 857 per
1095 803 1137 841 nu
1144 784 1294 859 pacificum

143 893 313 951 Maximum
330 891 361 948 de
375 888 480 946 Asculo
500 890 531 944 in
552 884 697 961 Sapientia
720 886 808 942 ueteri
819 884 963 941 Perusiae.
1007 882 1094 941 Anno
1115 886 1191 959 1467
1217 883 1295 941 odie

143 988 307 1048 Februarii.
343 986 451 1046 Tibulli
462 983 637 1043 carminibus
651 983 780 1060 praefixa
793 993 836 1040 est
858 980 921 1039 Vita
935 983 1065 1059 etfama
1084 980 1196 1039 Tibulli
1205 997 1294 1057 quam

143 1088 231 1146 habet
252 1085 433 1144 Lachmauni
449 1082 538 1141 editio
560 1084 636 1156 1829
651 1099 719 1139 cum
730 1081 939 1157 epigrammate
958 1078 996 1137 Te
1008 1099 1112 1155 quoque
1130 1079 1296 1154 Virgilio-

144 1188 224 1263 regio¹
232 1184 301 1243 bella
305 1184 373 1260 pede
380 1204 395 1251 ,·
410 1183 441 1240 in
452 1181 531 1240 calce
543 1179 651 1239 Tibulli
663 1179 747 1237 Finis
757 1179 908 1253 ti'lulli'per
917 1197 958 1235 nie
963 1181 1112 1256 pacificum
1123 1177 1295 1235 Maximum

144 1283 289 1341 Iri'naeum
309 1281 492 1339 Asnilanum.
537 1277 643 1337 Catulli
663 1277 694 1335 in
716 1276 810 1335 fronte
831 1284 875 1334 est
899 1274 933 1346 Q.
957 1274 1064 1334 Valerii
1083 1274 1196 1335 Catulli
1203 1281 1297 1350 poetae

151 1381 310 1439 Veronensis
324 1378 365 1435 acl
378 1376 539 1436 Cornelium
553 1375 683 1451 Nepotem
698 1374 767 1432 liber
782 1375 880 1448 incipit
890 1372 1022 1431 Feli'ci‘ter
1036 1374 1116 1433 Tum
1137 1373 1296 1432 hextichon

144 1477 482 1552 Adpatriam-papirus
498 1483 561 1532 erat
572 1473 657 1549 quale
678 1473 708 1530 in
729 1471 866 1548 Scaligeri
887 1473 1096 1531 commentario
1112 1471 1219 1530 Catulli
1234 1491 1261 1546 p.
1277 1489 1295 1545 3

144 1574 283 1651 legitur¹:
305 1575 372 1633 dein
392 1575 433 1630 ad
453 1571 613 1631 Cornelium
633 1570 764 1646 Nepotem
785 1581 814 1629 et
831 1590 856 1630 c.
873 1569 1041 1630 I—XXIV.
1060 1590 1106 1642 ro,
1123 1568 1233 1628 XLIV.
1251 1588 1296 1642 21,

146 1671 367 1730 XLV-LXII.
383 1673 431 1740 66,
447 1669 540 1728 XXV.
557 1669 724 1727 I—XLIV.
743 1689 777 1728 21
795 1671 845 1745 qui
866 1688 967 1731 uersus
987 1671 1091 1728 iterum
1110 1670 1234 1746 scriptus
1253 1677 1297 1727 est

146 1770 198 1829 sed
220 1778 331 1827 mutato
359 1775 424 1826 tunc
446 1769 476 1825 in
500 1788 581 1837 nunc,
606 1768 674 1825 dein
701 1767 733 1823 ele
760 1767 866 1825 Athi'rre
878 1771 987 1848 surore
1003 1770 1106 1842 percito
1129 1776 1159 1825 et
1181 1765 1294 1825 LXIII.

147 1868 250 1926 Cetera
264 1867 392 1925 carrniua
406 1865 523 1925 solitum
537 1864 670 1924 ordinem
686 1876 832 1924 secuntur.

188 1965 287 2023 Habet
311 1964 397 2022 Alani
422 1963 516 2022 codex
542 1962 623 2040 quod
647 1963 784 2022 habuisse
807 1963 998 2022 Cuiacianum
1023 1973 1144 2022 testatur
1169 1962 1296 2038 Scaliger

147 2061 269 2120 LXXV.
304 2081 315 2119 r
343 2059 430 2119 Nunc
456 2068 497 2119 est
522 2081 595 2118 niens
623 2062 750 2130 adducta,
780 2079 841 2121 non
868 2073 900 2121 ut
927 2062 1055 2138 plerique
1084 2061 1202 2120 codices
1230 2060 1298 2118 Huc

146 2167 187 2219 cst
209 2179 282 2217 meris
306 2160 440 2227 demuta,·
470 2158 608 2217 habetet
632 2157 734 2229 Qui'nti
759 2158 868 2217 Valerii
889 2158 1004 2230 Catulli,
1028 2159 1109 2236 quod
1133 2158 1298 2217 abeodem

148 2259 185 2317 de
214 2256 380 2316 Cuiaciani?
402 2257 529 2315 traditur.
572 2254 677 2332 Neque
706 2256 778 2314 haec
807 2266 919 2315 tantum
947 2259 1095 2333 utriusque
1120 2268 1189 2315 sunt
1217 2274 1297 2314 com·

146 2357 263 2428 munia;
287 2355 339 2414 sed
353 2372 457 2413 omnes
470 2354 529 2412 lere
543 2353 600 2412 loci
614 2371 738 2430 quorum
760 2355 899 2413 lectiones
919 2354 1045 2430 Scaliger
1060 2364 1201 2430 tanquam
1214 2364 1298 2412 nota·

148 2456 264 2513 biliores
279 2473 316 2512 ex
331 2471 384 2512 suo
398 2453 472 2511 libro
489 2453 537 2510 uel
551 2471 587 2510 ex
606 2454 695 2510 ueteri
710 2453 851 2529 scriptura
865 2453 1114 2522 commemorauit,
1129 2453 1235 2510 miram
1249 2470 1297 2509 ex-

148 2554 248 2611 hibent
263 2570 329 2611 cum
344 2550 400 2610 hoc
415 2551 517 2610 codice
532 2551 765 2609 consensionem.
794 2549 840 2607 Ex
854 2550 899 2608 his
914 2550 1061 2627 praecipui
1075 2547 1244 2608 suut-VIII.
1263 2563 1297 2623 15

149 2650 267 2711 Scelesta
292 2669 361 2720 rere,
385 2648 482 2707 XXV.
509 2662 524 2723 7
554 2649 790 2725 cyrograplosque
821 2648 852 2707 T
847 2651 934 2721 lienes,
960 2649 1034 2707 Scal.
1064 2648 1300 2725 mrograpliosque

152 2748 270 2821 llrynos,
285 2747 378 2805 XLV.
397 2763 432 2819 15
455 2766 516 2817 uno,
531 2746 641 2804 LXIII.
657 2748 689 2803 cle
709 2746 814 2803 Atlri‘ne
822 2749 932 2825 furore
940 2749 1052 2822 percito,
1068 2745 1142 2805 Scal.
1158 2747 1189 2802 de
1203 2746 1300 2803 Attine

144 2848 246 2921 surore
261 2846 372 2919 perci'to,
387 2843 500 2901 LXIII.
517 2846 555 2901 80
569 2841 640 2900 Mea
654 2844 741 2901 libera
755 2846 841 2902 nimis
854 2845 910 2920 qui,
927 2844 1035 2903 LXIV.
1054 2847 1089 2902 18
1103 2843 1169 2902 Iam
1182 2863 1300 2902 crurum

149 2953 235 3013 tenus,
246 2941 357 3000 LXIV.
370 2958 426 3016 273
441 2940 601 2998 Procedunt
613 2942 671 2997 leni
683 2951 811 3000 resonant
816 2943 954 3019 plangore
965 2943 1102 3013 cachinni,
1114 2940 1223 3000 LXIV.
1241 2963 1297 3018 322

154 3041 287 3099 Carmine
315 3039 461 3115 perflabat,
492 3037 585 3097 LXV.
610 3057 645 3110 14
674 3039 796 3098 Protliei'
828 3058 881 3116 pro
909 3039 998 3115 Itylei',
1027 3038 1136 3099 LXVI.
1166 3056 1204 3114 59
1239 3042 1302 3099 Aut

151 3138 311 3208 Arrianis,
333 3136 456 3195 varr.
476 3151 509 3211 η
529 3135 607 3207 Quia
616 3139 713 3211 pisso,
735 3136 875 3197 vaur.
893 3123 1298 3215 eoAbscidu,'LXV111.47

152 3235 281 3294 Muscosi
297 3241 400 3311 repetat
417 3235 491 3292 uada
513 3235 638 3309 remigiii
652 3234 824 3308 Acherontis,
839 3237 888 3312 qui
906 3255 1007 3296 uersus
1027 3238 1088 3296 siue
1102 3237 1217 3296 Marulli
1239 3239 1301 3297 siue

47 3333 51 3340 '
152 3333 278 3391 Pontani
292 3333 353 3391 siue
367 3333 488 3391 Guarini
509 3333 569 3391 siue
591 3333 663 3392 alius
684 3344 728 3392 est
749 3335 779 3391 in
801 3334 881 3393 nullo
902 3335 1005 3410 legitur
1025 3335 1160 3394 codicum
1173 3355 1249 3412 quos
1271 3337 1301 3394 in

152 3431 279 3489 editione
294 3449 361 3488 mea
375 3430 501 3499 exhibui,
518 3448 613 3505 neque
630 3449 648 3488 a
670 3430 809 3490 Santenio
830 3433 861 3489 in
882 3433 1041 3508 specimine
1056 3445 1301 3493 commemoratur

152 3548 188 3586 err
204 3529 263 3586 suis
272 3548 279 3598 ;
302 3527 443 3587 LXVIII.
461 3543 497 3603 79
513 3526 651 3603 Deficere!
662 3529 693 3585 in
707 3547 759 3586 ora
772 3529 835 3588 libri
844 3550 851 3602 3
870 3530 1009 3590 LXXVI.
1025 3551 1058 3590 rr
1076 3531 1152 3602 Quin
1166 3540 1197 3590 tu
1210 3535 1302 3591 anirno

152 3627 298 3703 affirmans
312 3634 390 3702 alque
403 3629 585 3701 instructoque
598 3628 713 3699 reducis,
729 3627 883 3688 LXXVII.
900 3649 917 3704 3
933 3632 1118 3706 meiperures,
1130 3631 1270 3690 LXXIX.
1286 3651 1299 3689 1

156 3725 278 3783 Caelius.
321 3724 404 3784 Haec
426 3725 493 3783 satis
515 3736 582 3783 sunt
609 3725 647 3783 ad
668 3726 926 3787 demonstrandum
947 3728 977 3788 id
1003 3732 1083 3806 quod
1106 3730 1182 3802 dixi;
1214 3731 1303 3789 satius

154 3833 252 3881 tamen
267 3823 336 3881 duxi
350 3841 454 3881 omnes
469 3823 552 3881 locos
566 3826 741 3899 perscribere
757 3827 806 3884 ubi
821 3826 973 3886 Cuiaciani
988 3829 1158 3904 scripturam
1176 3827 1303 3902 Scaliger

155 3921 258 3980 diserte
272 3922 440 3997 proposuit:
461 3922 549 3979 utitur
564 3932 661 3980 autem
676 3925 770 3983 uerbis
786 3924 888 3984 ‘liber’
903 3926 951 3984 uel
966 3930 1081 3985 ‘noster
1095 3926 1182 3984 liber!

256 4018 309 4076 IV.
353 4038 389 4093 23
412 4039 430 4076 a
445 4038 522 4079 mare
534 4022 680 4079 nouissime

254 4115 306 4175 IX
371 4136 388 4189 4
410 4117 581 4194 Fratrcsque
595 4123 736 4179 unanimes
750 4141 877 4198 suamque
891 4129 1006 4180 matrem

189 4229 470 4280 ¹DistataLachmanni
482 4235 584 4282 editione
592 4237 764 4299 epigrammatis
773 4236 815 4285 his.
851 4238 943 4286 rredeo
954 4237 1032 4301 longis
1043 4253 1058 4284 a
1061 4237 1152 4299 fimbus
1187 4253 1307 4297 4eursuni

158 4312 306 4375 5Quolicet
339 4325 442 4363 reuocate
474 4313 602 4382 6Quouis.
