3136 5158
254 405 300 462 xii
708 397 957 459 PRAEFATIO.

259 585 450 646 Ritschelium
465 586 671 662 nequiquam
687 583 885 660 praeualuerit.
930 581 1008 640 Nam
1023 579 1118 640 codex
1132 579 1284 640 Mediceus
1296 579 1408 658 Vergili

259 711 321 752 non
349 709 414 750 raro
443 690 670 767 nequicquam
693 689 781 748 habet
804 707 822 747 a
844 707 932 747 manu
950 688 1052 765 prima,
1076 689 1173 747 etsie
1198 689 1338 765 scriptum
1363 699 1410 748 est

260 799 431 877 aliquotiens
446 797 476 855 in
487 795 628 854 Palatino.
669 794 759 866 Quod
773 796 841 855 ideo
855 794 1038 853 monendum
1053 795 1122 853 duri
1137 795 1254 870 nequis
1269 795 1409 852 barbaras

260 904 470 967 uocabulorum
485 903 595 962 lormas
613 920 661 961 me
680 910 762 979 putet
776 903 941 979 reliquisse:
964 918 1032 960 uere
1046 902 1125 960 enim
1140 918 1263 978 possum
1277 900 1409 977 profiteri

260 1012 331 1071 nihil
350 1030 398 1070 me
426 1027 542 1086 semper
567 1009 714 1086 antiquius
738 1008 874 1068 habuisse
896 1026 984 1084 quam
1012 1016 1044 1065 ut
1068 1006 1213 1067 eiusmodi
1242 1005 1410 1067 scabritiem

259 1118 392 1194 lugerem
406 1134 494 1195 quam
508 1115 685 1192 longissime.

300 1223 382 1283 Fecit
396 1223 499 1281 iniuria
512 1222 652 1298 temporis
665 1229 696 1279 ut
710 1239 785 1297 quae
799 1221 892 1296 prima
907 1219 1010 1280 Catulli
1025 1219 1186 1278 carminum
1201 1217 1319 1278 saeculo
1334 1216 1410 1276 XIV

261 1332 335 1390 lacta
359 1330 473 1389 uidetur
491 1329 602 1387 mentio
624 1329 661 1385 ab
683 1327 739 1386 alio
761 1321 907 1386 inlucem
928 1337 1074 1404 protracta
1095 1329 1140 1398 sit,
1161 1345 1223 1386 non
1243 1328 1282 1385 ab
1303 1344 1340 1385 eo
1358 1327 1409 1403 qui

260 1437 371 1514 primus
396 1434 532 1511 repperit,
558 1433 697 1509 Ingramo
721 1433 859 1510 Bywater.
903 1433 933 1493 Is
957 1435 1045 1507 enim,
1070 1443 1102 1493 ut
1129 1443 1175 1494 est
1201 1435 1245 1492 uir
1272 1433 1411 1492 immensi

262 1542 348 1602 studii
376 1552 405 1599 et
432 1541 529 1599 omnis
557 1540 733 1616 antiquitatis
766 1549 907 1599 scrutator
935 1540 1098 1612 acerrimus,
1126 1541 1209 1600 locos
1240 1539 1410 1599 Hieremiae

262 1647 371 1707 Iudicis
385 1645 421 1706 de
437 1645 643 1722 Montagnone
657 1656 794 1722 quattuor
808 1665 882 1725 quos
896 1647 926 1706 in
940 1646 1055 1723 Proleg.
1070 1665 1099 1723 p.
1114 1647 1143 1705 X
1158 1645 1237 1706 attuli
1252 1647 1310 1705 iam
1327 1664 1410 1705 anno

265 1757 344 1827 1870
358 1752 430 1810 mihi
445 1750 598 1825 indicauit;
620 1752 702 1810 cuius
722 1769 792 1810 usus
812 1752 919 1812 indicio
940 1752 1003 1829 ipse
1023 1752 1150 1830 reliquos
1172 1763 1228 1811 tres
1250 1753 1280 1810 in
1301 1751 1410 1810 Museo

263 1858 432 1918 Britannico
453 1859 560 1917 inueni.
603 1859 671 1919 Hos
690 1869 794 1936 postea
815 1857 959 1918 Rudolsus
979 1858 1118 1936 Peiperus
1138 1858 1287 1935 indagauit
1307 1858 1411 1917 edidit·

263 1984 321 2041 que
335 1984 414 2026 anno
430 1969 516 2040 1875,
531 1964 609 2024 unde
623 1967 653 2023 in
667 1964 818 2024 Behrensii
832 1965 989 2023 editionem
1001 1975 1204 2040 peruenerunt.
1248 1963 1307 2024 Sed
1320 1967 1410 2025 nostri

263 2071 369 2130 saeculi
393 2078 455 2128 erat
477 2070 560 2147 plura
584 2070 727 2129 eiusmodi
747 2067 906 2147 inquirere:
935 2068 1016 2147 quod
1037 2069 1068 2127 in
1089 2069 1204 2128 Catullo
1226 2079 1313 2147 atque
1334 2071 1411 2131 adeo

262 2178 294 2235 in
312 2174 464 2252 Propertio
483 2194 544 2234 non
564 2176 672 2236 lactum
691 2193 755 2235 esse
774 2175 864 2234 miror
878 2193 912 2234 ac
932 2193 1056 2235 maereo.
1099 2175 1220 2235 Maioris
1234 2178 1314 2235 enim
1330 2178 1411 2237 duco

264 2283 311 2342 uel
335 2300 427 2340 unum
455 2301 572 2344 uersum
597 2283 724 2342 indicare
753 2282 801 2359 qui
826 2283 864 2340 ab
891 2282 990 2358 aliquo
1018 2282 1122 2342 citatus
1150 2282 1234 2342 luerit
1258 2301 1348 2360 quam
1375 2304 1412 2344 ex

264 2389 398 2450 Martiale
425 2391 471 2449 uel
500 2391 612 2450 Seneca
637 2391 771 2450 conicere
796 2387 934 2465 quidnam
959 2389 989 2447 hi
1014 2389 1115 2448 imitati
1139 2389 1299 2449 uideantur.
1352 2393 1413 2452 Sed

264 2497 364 2556 nescio
385 2495 537 2573 quomodo
562 2496 633 2570 ἴχνος
655 2501 769 2570 ἄφαντον
790 2494 931 2555 hactenus
954 2495 1087 2555 uidemur
1107 2496 1213 2568 secuti;
1243 2496 1318 2557 adeo
1344 2509 1414 2558 sunt

264 2622 356 2682 parua
382 2621 456 2679 quae
485 2603 559 2662 inter
582 2602 728 2662 Isidorum
757 2610 845 2678 atque
870 2600 1050 2660 Hieremiam
1079 2601 1115 2661 de
1144 2601 1350 2680 Montagnone
1375 2624 1412 2665 er

265 2709 379 2770 Catullo
399 2711 486 2769 ducta
507 2720 683 2786 comparent
727 2709 816 2786 Atqui
832 2725 981 2785 nunquam
996 2709 1093 2786 plures
1107 2710 1199 2768 tenuit
1212 2709 1270 2768 hoc
1284 2711 1413 2771 studium

265 2815 459 2892 inuestigandi
484 2815 555 2892 quid
582 2833 656 2874 aeuo
685 2815 765 2893 quod
794 2815 896 2874 dicitur
923 2814 1021 2874 medio
1049 2816 1189 2892 scriptum
1216 2817 1414 2878 lectitatumne

265 2922 366 2993 suerit;
398 2931 430 2980 ut
453 2922 502 2979 uix
523 2921 655 2980 dubitem
678 2940 743 2982 esse
768 2921 925 2999 aliquando
948 2938 1127 2980 emersurum
1152 2925 1233 3000 quod
1254 2923 1329 2983 hanc
1350 2943 1414 2984 rem

264 3029 359 3104 magis
373 3037 464 3104 ponat
477 3029 507 3086 in
521 3029 683 3105 propatulo.

308 3134 399 3222 Quod
426 3144 555 3210 superest
583 3135 833 3196 commemorandi
861 3143 929 3194 sunt
956 3137 1005 3213 qui
1030 3153 1078 3194 me
1102 3137 1132 3195 in
1161 3136 1216 3197 hac
1245 3156 1335 3215 opera
1362 3139 1413 3198 ad-

266 3243 407 3312 iuueruut,
433 3239 564 3316 inprimis
586 3239 625 3298 H.
643 3240 679 3301 0.
694 3241 805 3301 Coxius
826 3260 915 3318 quem
939 3244 1055 3320 saepius
1077 3244 1114 3302 de
1139 3244 1342 3304 Canoniciano
1366 3266 1414 3322 30,

265 3365 478 3426 nonnunquam
499 3345 536 3405 de
558 3346 619 3406 aliis
641 3347 791 3407 codicibus
812 3348 963 3408 consului:
986 3351 1068 3410 cuius
1089 3349 1238 3424 iudicium,
1255 3352 1344 3411 etiam
1365 3355 1416 3412 ubi

266 3473 284 3514 a
309 3471 378 3513 meo
403 3453 586 3529 discreparet,
608 3453 749 3530 relligioni
773 3453 862 3513 habui
887 3465 990 3526 tacere,
1013 3473 1081 3514 cum
1103 3457 1206 3516 scirem
1232 3459 1416 3535 paucissimis

266 3578 368 3638 parem
392 3559 433 3619 rei
457 3558 543 3618 huius
568 3560 778 3637 experientiam
802 3561 916 3619 inesse:
949 3561 1017 3620 dein
1041 3559 1076 3619 E.
1098 3561 1135 3620 A.
1156 3562 1243 3622 Bond
1264 3575 1293 3623 et
1313 3564 1348 3624 E
1371 3565 1414 3624 M.

266 3668 431 3745 Thompso‚
447 3675 594 3726 curatores
614 3666 750 3725 codicum
764 3665 851 3726 MSS.
869 3666 967 3727 Musei
981 3668 1156 3727 Britannici:
1179 3669 1216 3729 G.
1232 3669 1272 3729 N.
1287 3671 1327 3730 du
1341 3671 1417 3732 Rieu

266 3776 317 3854 qui
334 3775 492 3835 lectionem
513 3772 679 3832 Gellianam
693 3773 765 3832 mihi
778 3773 947 3850 exscripsit:
970 3773 1111 3835 Nicolaus
1131 3776 1159 3835 d’
1174 3776 1307 3850 Anziani,
1322 3777 1418 3855 hypo·

266 3881 502 3942 bibliothecarius
526 3880 739 3939 Laurentianae
762 3881 811 3958 qui
832 3898 894 3939 non
913 3881 1004 3941 modo
1023 3880 1188 3942 Florentiae
1209 3901 1257 3941 me
1278 3893 1417 3958 agentem

267 3989 348 4049 omni
369 3987 574 4048 beneuolentia
594 3987 676 4058 iuuit,
691 3987 744 4046 sed
765 3988 905 4046 nonnulla
925 4007 961 4047 ex
981 3987 1069 4047 MSS.
1085 3987 1227 4048 Mediceis
1247 4000 1277 4048 et
1299 3988 1418 4049 Riccar-

267 4096 361 4156 dianis
384 4095 556 4155 transmisit:
589 4094 708 4172 quicum
734 4093 859 4154 Ferrucii
883 4095 976 4155 nostri
1003 4095 1149 4154 infelicem
1178 4096 1291 4155 obitum
1319 4096 1417 4156 doleo.

267 4202 347 4261 Tum
361 4201 494 4278 agendae
507 4212 604 4278 grates
618 4210 685 4262 sunt
704 4200 739 4259 A.
756 4199 880 4272 Ceriani,
895 4203 1063 4280 praeposito
1082 4201 1274 4261 bibliothecae
1292 4202 1418 4263 Ambro-

269 4309 388 4368 sianae:
424 4309 515 4367 Paulo
551 4308 673 4386 Meyero
702 4309 752 4385 qui
780 4308 862 4368 locos
887 4309 1030 4385 quosdam
1059 4309 1269 4370 Germanensis
1297 4321 1417 4388 rogatus
