<?xml version="1.0" encoding="UTF-8"?>
<!DOCTYPE html PUBLIC "-//W3C//DTD XHTML 1.0 Transitional//EN"
    "http://www.w3.org/TR/xhtml1/DTD/xhtml1-transitional.dtd">
<html xmlns="http://www.w3.org/1999/xhtml" xml:lang="en" lang="en">
 <head>
  <title>
</title>
<meta http-equiv="Content-Type" content="text/html;charset=utf-8" />
  <meta name='ocr-system' content='tesseract 3.04.00' />
  <meta name='ocr-capabilities' content='ocr_page ocr_carea ocr_par ocr_line ocrx_word'/>
</head>
<body>
  <div class='ocr_page' id='page_1' title='image "./catulliliber00catugoog_0393.png"; bbox 0 0 2872 5002; ppageno 0'>
   <div class='ocr_carea' id='block_1_1' title="bbox 139 356 883 418">
    <p class='ocr_par' dir='ltr' id='par_1_1' title="bbox 139 356 883 418">
     <span class='ocr_line' id='line_1_1' title="bbox 139 356 883 418; baseline -0.005 0"><span class='ocrx_word' id='word_1_1' title='bbox 139 362 197 418; x_wconf 79' lang='lat'><strong>284</strong></span> <span class='ocrx_word' id='word_1_2' title='bbox 540 357 596 416; x_wconf 88' lang='lat' dir='ltr'><strong>DE</strong></span> <span class='ocrx_word' id='word_1_3' title='bbox 623 356 883 417; x_wconf 83' lang='lat' dir='ltr'>PARTITIONE</span> 
     </span>
    </p>
   </div>
   <div class='ocr_carea' id='block_1_2' title="bbox 695 672 734 730">
    <p class='ocr_par' dir='ltr' id='par_1_2' title="bbox 695 672 734 730">
     <span class='ocr_line' id='line_1_2' title="bbox 695 672 734 730; baseline 0.026 -1"><span class='ocrx_word' id='word_1_4' title='bbox 695 672 734 730; x_wconf 91' lang='lat'><strong>11.</strong></span> 
     </span>
    </p>
   </div>
   <div class='ocr_carea' id='block_1_3' title="bbox 138 802 1295 1472">
    <p class='ocr_par' dir='ltr' id='par_1_3' title="bbox 138 802 1295 1472">
     <span class='ocr_line' id='line_1_3' title="bbox 180 802 1295 883; baseline 0.002 -21"><span class='ocrx_word' id='word_1_5' title='bbox 180 803 368 865; x_wconf 86' lang='lat' dir='ltr'>Prooemium</span> <span class='ocrx_word' id='word_1_6' title='bbox 395 804 425 861; x_wconf 95' lang='lat' dir='ltr'><strong>in</strong></span> <span class='ocrx_word' id='word_1_7' title='bbox 453 821 513 862; x_wconf 92' lang='lat' dir='ltr'><strong>uno</strong></span> <span class='ocrx_word' id='word_1_8' title='bbox 538 822 562 862; x_wconf 88' lang='lat' dir='ltr'><strong>c.</strong></span> <span class='ocrx_word' id='word_1_9' title='bbox 589 804 618 860; x_wconf 88' lang='lat' dir='ltr'>X</span> <span class='ocrx_word' id='word_1_10' title='bbox 642 804 794 862; x_wconf 90' lang='lat' dir='ltr'><strong>inuenitur.</strong></span> <span class='ocrx_word' id='word_1_11' title='bbox 838 802 960 862; x_wconf 88' lang='lat' dir='ltr'><strong>Faciunt</strong></span> <span class='ocrx_word' id='word_1_12' title='bbox 983 803 1014 862; x_wconf 92' lang='lat' dir='ltr'><strong>id</strong></span> <span class='ocrx_word' id='word_1_13' title='bbox 1042 805 1133 880; x_wconf 89' lang='lat' dir='ltr'><strong>primi</strong></span> <span class='ocrx_word' id='word_1_14' title='bbox 1163 815 1295 883; x_wconf 87' lang='lat' dir='ltr'><strong>quattuor</strong></span> 
     </span>
     <span class='ocr_line' id='line_1_4' title="bbox 139 899 1294 980; baseline 0.001 -20"><span class='ocrx_word' id='word_1_15' title='bbox 139 920 249 961; x_wconf 87' lang='lat' dir='ltr'><strong>uersus.</strong></span> <span class='ocrx_word' id='word_1_16' title='bbox 291 901 387 960; x_wconf 90' lang='lat' dir='ltr'><strong>Ceteri</strong></span> <span class='ocrx_word' id='word_1_17' title='bbox 402 902 431 960; x_wconf 91' lang='lat' dir='ltr'><strong>in</strong></span> <span class='ocrx_word' id='word_1_18' title='bbox 446 911 503 962; x_wconf 89' lang='lat' dir='ltr'><strong>tres</strong></span> <span class='ocrx_word' id='word_1_19' title='bbox 517 915 622 979; x_wconf 77' lang='lat' dir='ltr'><strong>partes</strong></span> <span class='ocrx_word' id='word_1_20' title='bbox 637 903 761 978; x_wconf 87' lang='lat' dir='ltr'><strong>primam</strong></span> <span class='ocrx_word' id='word_1_21' title='bbox 777 899 824 980; x_wconf 83' lang='grc' dir='ltr'><strong>(Α)</strong></span> <span class='ocrx_word' id='word_1_22' title='bbox 840 920 949 961; x_wconf 92' lang='lat' dir='ltr'><strong>nouem</strong></span> <span class='ocrx_word' id='word_1_23' title='bbox 968 920 1118 975; x_wconf 88' lang='lat' dir='ltr'><strong>uersuum,</strong></span> <span class='ocrx_word' id='word_1_24' title='bbox 1136 903 1294 963; x_wconf 84' lang='lat' dir='ltr'><strong>secundam</strong></span> 
     </span>
     <span class='ocr_line' id='line_1_5' title="bbox 139 999 1294 1080; baseline 0.002 -24"><span class='ocrx_word' id='word_1_25' title='bbox 139 999 186 1080; x_wconf 85' lang='grc' dir='ltr'><strong>(Β)</strong></span> <span class='ocrx_word' id='word_1_26' title='bbox 211 999 323 1071; x_wconf 88' lang='lat' dir='ltr'><strong>decem,</strong></span> <span class='ocrx_word' id='word_1_27' title='bbox 348 1001 461 1059; x_wconf 82' lang='lat' dir='ltr'><strong>tertiam</strong></span> <span class='ocrx_word' id='word_1_28' title='bbox 485 999 531 1080; x_wconf 81' lang='lat' dir='ltr'><strong>(r)</strong></span> <span class='ocrx_word' id='word_1_29' title='bbox 554 1000 692 1059; x_wconf 85' lang='lat' dir='ltr'><strong>undecim</strong></span> <span class='ocrx_word' id='word_1_30' title='bbox 721 999 900 1058; x_wconf 87' lang='lat' dir='ltr'><strong>scinduntur.</strong></span> <span class='ocrx_word' id='word_1_31' title='bbox 953 999 1070 1059; x_wconf 89' lang='lat' dir='ltr'><strong>Harum</strong></span> <span class='ocrx_word' id='word_1_32' title='bbox 1098 1006 1239 1074; x_wconf 67' lang='lat' dir='ltr'><strong>reponant</strong></span> <span class='ocrx_word' id='word_1_33' title='bbox 1261 1018 1294 1059; x_wconf 88' lang='lat' dir='ltr'><strong>ex</strong></span> 
     </span>
     <span class='ocr_line' id='line_1_6' title="bbox 139 1097 1293 1174; baseline 0 -18"><span class='ocrx_word' id='word_1_34' title='bbox 139 1116 226 1156; x_wconf 91' lang='lat' dir='ltr'><strong>sensu</strong></span> <span class='ocrx_word' id='word_1_35' title='bbox 241 1115 309 1156; x_wconf 89' lang='lat' dir='ltr'><strong>cum</strong></span> <span class='ocrx_word' id='word_1_36' title='bbox 323 1098 381 1156; x_wconf 83' lang='lat' dir='ltr'><strong>tine</strong></span> <span class='ocrx_word' id='word_1_37' title='bbox 400 1115 537 1156; x_wconf 90' lang='lat' dir='ltr'><strong>uersuum</strong></span> <span class='ocrx_word' id='word_1_38' title='bbox 552 1098 707 1156; x_wconf 89' lang='lat' dir='ltr'><strong>terminato</strong></span> <span class='ocrx_word' id='word_1_39' title='bbox 725 1097 896 1174; x_wconf 89' lang='lat' dir='ltr'><strong>plerumque</strong></span> <span class='ocrx_word' id='word_1_40' title='bbox 916 1097 1101 1172; x_wconf 81' lang='lat' dir='ltr'><strong>colliguntur.</strong></span> <span class='ocrx_word' id='word_1_41' title='bbox 1146 1099 1293 1158; x_wconf 75' lang='lat' dir='ltr'><strong>Interdum</strong></span> 
     </span>
     <span class='ocr_line' id='line_1_7' title="bbox 139 1195 1293 1273; baseline -0.002 -17"><span class='ocrx_word' id='word_1_42' title='bbox 139 1207 244 1256; x_wconf 91' lang='lat' dir='ltr'><strong>tamen·</strong></span> <span class='ocrx_word' id='word_1_43' title='bbox 259 1206 326 1254; x_wconf 90' lang='lat' dir='ltr'><strong>sunt</strong></span> <span class='ocrx_word' id='word_1_44' title='bbox 340 1195 427 1254; x_wconf 87' lang='lat' dir='ltr'><strong>etiam</strong></span> <span class='ocrx_word' id='word_1_45' title='bbox 449 1195 498 1254; x_wconf 93' lang='lat' dir='ltr'><strong>ubi</strong></span> <span class='ocrx_word' id='word_1_46' title='bbox 520 1213 581 1254; x_wconf 92' lang='lat' dir='ltr'><strong>non</strong></span> <span class='ocrx_word' id='word_1_47' title='bbox 600 1204 645 1253; x_wconf 90' lang='lat' dir='ltr'><strong>est</strong></span> <span class='ocrx_word' id='word_1_48' title='bbox 661 1195 748 1270; x_wconf 86' lang='lat' dir='ltr'><strong>plena</strong></span> <span class='ocrx_word' id='word_1_49' title='bbox 767 1195 971 1272; x_wconf 88' lang='lat' dir='ltr'><strong>interpunctio,</strong></span> <span class='ocrx_word' id='word_1_50' title='bbox 987 1196 1124 1273; x_wconf 86' lang='lat' dir='ltr'><strong>inprimis</strong></span> <span class='ocrx_word' id='word_1_51' title='bbox 1146 1209 1218 1256; x_wconf 90' lang='lat' dir='ltr'><strong>ante</strong></span> <span class='ocrx_word' id='word_1_52' title='bbox 1233 1215 1293 1256; x_wconf 85' lang='lat' dir='ltr'><strong>ora·</strong></span> 
     </span>
     <span class='ocr_line' id='line_1_8' title="bbox 139 1293 1291 1372; baseline -0.002 -20"><span class='ocrx_word' id='word_1_53' title='bbox 139 1295 257 1352; x_wconf 91' lang='lat' dir='ltr'><strong>tionem.</strong></span> <span class='ocrx_word' id='word_1_54' title='bbox 299 1293 362 1351; x_wconf 88' lang='lat' dir='ltr'><strong>lam</strong></span> <span class='ocrx_word' id='word_1_55' title='bbox 381 1295 411 1352; x_wconf 92' lang='lat' dir='ltr'><strong>in</strong></span> <span class='ocrx_word' id='word_1_56' title='bbox 426 1303 448 1349; x_wconf 84' lang='grc' dir='ltr'><strong>Α</strong></span> <span class='ocrx_word' id='word_1_57' title='bbox 462 1293 549 1369; x_wconf 87' lang='lat' dir='ltr'><strong>plena</strong></span> <span class='ocrx_word' id='word_1_58' title='bbox 569 1294 600 1352; x_wconf 84' lang='lat' dir='ltr'><strong>lit</strong></span> <span class='ocrx_word' id='word_1_59' title='bbox 615 1302 683 1369; x_wconf 92' lang='lat' dir='ltr'><strong>post</strong></span> <span class='ocrx_word' id='word_1_60' title='bbox 697 1303 831 1369; x_wconf 86' lang='lat' dir='ltr'><strong>quartum</strong></span> <span class='ocrx_word' id='word_1_61' title='bbox 850 1311 968 1352; x_wconf 88' lang='lat' dir='ltr'><strong>uersum</strong></span> <span class='ocrx_word' id='word_1_62' title='bbox 988 1294 1193 1372; x_wconf 91' lang='lat' dir='ltr'><strong>interpunctio</strong></span> <span class='ocrx_word' id='word_1_63' title='bbox 1202 1316 1211 1370; x_wconf 89' lang='lat'>;</span> <span class='ocrx_word' id='word_1_64' title='bbox 1233 1296 1291 1354; x_wconf 78' lang='lat' dir='ltr'><strong>inu</strong></span> 
     </span>
     <span class='ocr_line' id='line_1_9' title="bbox 138 1389 967 1472; baseline 0 -21"><span class='ocrx_word' id='word_1_65' title='bbox 138 1402 207 1472; x_wconf 93' lang='lat' dir='ltr'><strong>post</strong></span> <span class='ocrx_word' id='word_1_66' title='bbox 221 1391 393 1468; x_wconf 88' lang='lat' dir='ltr'><strong>septimum;</strong></span> <span class='ocrx_word' id='word_1_67' title='bbox 415 1392 445 1450; x_wconf 92' lang='lat' dir='ltr'><strong>in</strong></span> <span class='ocrx_word' id='word_1_68' title='bbox 460 1393 581 1451; x_wconf 86' lang='lat' dir='ltr'><strong>retiam</strong></span> <span class='ocrx_word' id='word_1_69' title='bbox 597 1401 664 1468; x_wconf 90' lang='lat' dir='ltr'><strong>post</strong></span> <span class='ocrx_word' id='word_1_70' title='bbox 679 1392 844 1466; x_wconf 91' lang='lat' dir='ltr'><strong>septimum.</strong></span> <span class='ocrx_word' id='word_1_71' title='bbox 888 1389 967 1451; x_wconf 91' lang='lat' dir='ltr'><strong>Hinc</strong></span> 
     </span>
    </p>
   </div>
   <div class='ocr_carea' id='block_1_4' title="bbox 641 1534 785 1795">
    <p class='ocr_par' dir='ltr' id='par_1_4' title="bbox 641 1534 785 1795">
     <span class='ocr_line' id='line_1_10' title="bbox 642 1534 785 1597; baseline 0.014 -2"><span class='ocrx_word' id='word_1_72' title='bbox 642 1534 785 1597; x_wconf 74' lang='lat' dir='ltr'><strong>A=o5</strong></span> 
     </span>
     <span class='ocr_line' id='line_1_11' title="bbox 641 1634 781 1697; baseline 0.014 -2"><span class='ocrx_word' id='word_1_73' title='bbox 641 1634 781 1697; x_wconf 50' lang='lat' dir='ltr'><strong>B=D3</strong></span> 
     </span>
     <span class='ocr_line' id='line_1_12' title="bbox 641 1731 780 1795; baseline -0.022 -20"><span class='ocrx_word' id='word_1_74' title='bbox 641 1731 780 1795; x_wconf 73' lang='lat' dir='ltr'><strong>I&#39;:⁷‚4</strong></span> 
     </span>
    </p>
   </div>
   <div class='ocr_carea' id='block_1_5' title="bbox 139 1852 1295 2432">
    <p class='ocr_par' dir='ltr' id='par_1_5' title="bbox 139 1852 1295 2432">
     <span class='ocr_line' id='line_1_13' title="bbox 139 1852 1291 1930; baseline 0.003 -17"><span class='ocrx_word' id='word_1_75' title='bbox 139 1853 200 1913; x_wconf 92' lang='lat' dir='ltr'><strong>Sed</strong></span> <span class='ocrx_word' id='word_1_76' title='bbox 219 1855 249 1911; x_wconf 92' lang='lat' dir='ltr'><strong>in</strong></span> <span class='ocrx_word' id='word_1_77' title='bbox 264 1864 293 1925; x_wconf 86' lang='grc' dir='ltr'><strong>Β,</strong></span> <span class='ocrx_word' id='word_1_78' title='bbox 308 1864 328 1908; x_wconf 83' lang='grc' dir='ltr'>Γ</span> <span class='ocrx_word' id='word_1_79' title='bbox 342 1862 453 1929; x_wconf 91' lang='lat' dir='ltr'><strong>septem</strong></span> <span class='ocrx_word' id='word_1_80' title='bbox 473 1872 574 1913; x_wconf 90' lang='lat' dir='ltr'><strong>uersus</strong></span> <span class='ocrx_word' id='word_1_81' title='bbox 589 1855 618 1912; x_wconf 92' lang='lat' dir='ltr'><strong>in</strong></span> <span class='ocrx_word' id='word_1_82' title='bbox 635 1873 662 1924; x_wconf 89' lang='grc'><strong>4,</strong></span> <span class='ocrx_word' id='word_1_83' title='bbox 677 1874 695 1929; x_wconf 90' lang='grc'><strong>3</strong></span> <span class='ocrx_word' id='word_1_84' title='bbox 716 1852 824 1912; x_wconf 90' lang='lat' dir='ltr'><strong>cadunt</strong></span> <span class='ocrx_word' id='word_1_85' title='bbox 839 1871 905 1912; x_wconf 91' lang='lat' dir='ltr'><strong>cum</strong></span> <span class='ocrx_word' id='word_1_86' title='bbox 925 1855 1044 1930; x_wconf 90' lang='lat' dir='ltr'><strong>quintus</strong></span> <span class='ocrx_word' id='word_1_87' title='bbox 1066 1873 1172 1916; x_wconf 86' lang='lat' dir='ltr'><strong>uersus</strong></span> <span class='ocrx_word' id='word_1_88' title='bbox 1193 1859 1291 1916; x_wconf 80' lang='lat' dir='ltr'><strong>oratio</strong></span> 
     </span>
     <span class='ocr_line' id='line_1_14' title="bbox 140 1949 1295 2033; baseline 0.003 -23"><span class='ocrx_word' id='word_1_89' title='bbox 140 1970 209 2010; x_wconf 89' lang='lat' dir='ltr'><strong>nem</strong></span> <span class='ocrx_word' id='word_1_90' title='bbox 230 1951 348 2010; x_wconf 87' lang='lat' dir='ltr'><strong>inducat</strong></span> <span class='ocrx_word' id='word_1_91' title='bbox 363 1949 464 2009; x_wconf 85' lang='lat' dir='ltr'><strong>‘Non&#39;</strong></span> <span class='ocrx_word' id='word_1_92' title='bbox 479 1953 592 2027; x_wconf 87' lang='lat' dir='ltr'><strong>inquam</strong></span> <span class='ocrx_word' id='word_1_93' title='bbox 608 1952 693 2010; x_wconf 78' lang='lat' dir='ltr'><strong>‘mr&#39;bi</strong></span> <span class='ocrx_word' id='word_1_94' title='bbox 707 1953 837 2030; x_wconf 85' lang='lat' dir='ltr'><strong>tamsuit</strong></span> <span class='ocrx_word' id='word_1_95' title='bbox 853 1953 986 2030; x_wconf 66' lang='lat' dir='ltr'><strong>maligrm’</strong></span> <span class='ocrx_word' id='word_1_96' title='bbox 1002 1953 1079 2033; x_wconf 80' lang='lat'>(18).</span> <span class='ocrx_word' id='word_1_97' title='bbox 1124 1955 1213 2014; x_wconf 79' lang='lat' dir='ltr'><strong>Istud</strong></span> <span class='ocrx_word' id='word_1_98' title='bbox 1227 1957 1295 2032; x_wconf 82' lang='lat' dir='ltr'><strong>qaod</strong></span> 
     </span>
     <span class='ocr_line' id='line_1_15' title="bbox 139 2050 1291 2130; baseline 0 -20"><span class='ocrx_word' id='word_1_99' title='bbox 139 2053 215 2110; x_wconf 88' lang='lat' dir='ltr'><strong>modo</strong></span> <span class='ocrx_word' id='word_1_100' title='bbox 238 2053 369 2110; x_wconf 65' lang='lat' dir='ltr'><strong>diamani</strong></span> <span class='ocrx_word' id='word_1_101' title='bbox 392 2071 432 2108; x_wconf 82' lang='lat' dir='ltr'><strong>me</strong></span> <span class='ocrx_word' id='word_1_102' title='bbox 459 2051 559 2109; x_wconf 79' lang='lat' dir='ltr'><strong>habere</strong></span> <span class='ocrx_word' id='word_1_103' title='bbox 584 2050 659 2130; x_wconf 85' lang='lat'><strong>(28).</strong></span> <span class='ocrx_word' id='word_1_104' title='bbox 701 2050 797 2122; x_wconf 89' lang='lat' dir='ltr'><strong>Vnde,</strong></span> <span class='ocrx_word' id='word_1_105' title='bbox 822 2069 890 2110; x_wconf 88' lang='lat' dir='ltr'><strong>cum</strong></span> <span class='ocrx_word' id='word_1_106' title='bbox 914 2062 1047 2128; x_wconf 79' lang='lat'>13:433,</span> <span class='ocrx_word' id='word_1_107' title='bbox 1075 2063 1210 2129; x_wconf 81' lang='lat' dir='ltr'><strong>r=434‚</strong></span> <span class='ocrx_word' id='word_1_108' title='bbox 1236 2073 1291 2113; x_wconf 92' lang='lat' dir='ltr'><strong>non</strong></span> 
     </span>
     <span class='ocr_line' id='line_1_16' title="bbox 139 2148 1291 2227; baseline 0.003 -19"><span class='ocrx_word' id='word_1_109' title='bbox 139 2151 243 2208; x_wconf 87' lang='lat' dir='ltr'><strong>iniuria</strong></span> <span class='ocrx_word' id='word_1_110' title='bbox 262 2149 333 2207; x_wconf 91' lang='lat' dir='ltr'><strong>mihi</strong></span> <span class='ocrx_word' id='word_1_111' title='bbox 354 2149 457 2207; x_wconf 90' lang='lat' dir='ltr'><strong>uideor</strong></span> <span class='ocrx_word' id='word_1_112' title='bbox 477 2159 499 2205; x_wconf 83' lang='grc' dir='ltr'><strong>Δ</strong></span> <span class='ocrx_word' id='word_1_113' title='bbox 521 2151 549 2208; x_wconf 92' lang='lat' dir='ltr'><strong>in</strong></span> <span class='ocrx_word' id='word_1_114' title='bbox 569 2168 626 2224; x_wconf 85' lang='grc'><strong>432</strong></span> <span class='ocrx_word' id='word_1_115' title='bbox 651 2148 800 2223; x_wconf 89' lang='lat' dir='ltr'><strong>diuisisse;</strong></span> <span class='ocrx_word' id='word_1_116' title='bbox 823 2168 892 2209; x_wconf 90' lang='lat' dir='ltr'><strong>nam</strong></span> <span class='ocrx_word' id='word_1_117' title='bbox 911 2159 979 2226; x_wconf 93' lang='lat' dir='ltr'><strong>post</strong></span> <span class='ocrx_word' id='word_1_118' title='bbox 999 2151 1159 2227; x_wconf 88' lang='lat' dir='ltr'><strong>septimum</strong></span> <span class='ocrx_word' id='word_1_119' title='bbox 1179 2170 1291 2211; x_wconf 89' lang='lat' dir='ltr'><strong>uersum</strong></span> 
     </span>
     <span class='ocr_line' id='line_1_17' title="bbox 139 2248 1293 2321; baseline 0.002 -15"><span class='ocrx_word' id='word_1_120' title='bbox 139 2248 191 2306; x_wconf 90' lang='lat' dir='ltr'><strong>etsi</strong></span> <span class='ocrx_word' id='word_1_121' title='bbox 219 2265 280 2306; x_wconf 92' lang='lat' dir='ltr'><strong>non</strong></span> <span class='ocrx_word' id='word_1_122' title='bbox 308 2266 387 2306; x_wconf 89' lang='lat' dir='ltr'><strong>noua</strong></span> <span class='ocrx_word' id='word_1_123' title='bbox 414 2249 558 2306; x_wconf 86' lang='lat' dir='ltr'><strong>sententia</strong></span> <span class='ocrx_word' id='word_1_124' title='bbox 587 2267 665 2306; x_wconf 88' lang='lat' dir='ltr'><strong>noua</strong></span> <span class='ocrx_word' id='word_1_125' title='bbox 694 2258 793 2307; x_wconf 88' lang='lat' dir='ltr'><strong>tamen</strong></span> <span class='ocrx_word' id='word_1_126' title='bbox 815 2249 943 2308; x_wconf 89' lang='lat' dir='ltr'><strong>clausula</strong></span> <span class='ocrx_word' id='word_1_127' title='bbox 967 2248 1096 2321; x_wconf 84' lang='lat' dir='ltr'><strong>infertur,</strong></span> <span class='ocrx_word' id='word_1_128' title='bbox 1119 2251 1293 2310; x_wconf 79' lang='lat' dir='ltr'><strong>Praesertim</strong></span> 
     </span>
     <span class='ocr_line' id='line_1_18' title="bbox 140 2350 1293 2432; baseline 0.005 -25"><span class='ocrx_word' id='word_1_129' title='bbox 140 2351 239 2424; x_wconf 83' lang='lat' dir='ltr'><strong>qur&#39;bus</strong></span> <span class='ocrx_word' id='word_1_130' title='bbox 258 2356 325 2408; x_wconf 84' lang='lat' dir='ltr'><strong>esset</strong></span> <span class='ocrx_word' id='word_1_131' title='bbox 342 2350 505 2408; x_wconf 83' lang='lat' dir='ltr'><strong>r&#39;rrumator.</strong></span> <span class='ocrx_word' id='word_1_132' title='bbox 562 2355 651 2423; x_wconf 78' lang='grc' dir='ltr'>Σχῆμα</span> <span class='ocrx_word' id='word_1_133' title='bbox 671 2351 758 2426; x_wconf 84' lang='lat' dir='ltr'><strong>igitur</strong></span> <span class='ocrx_word' id='word_1_134' title='bbox 778 2351 836 2411; x_wconf 90' lang='lat' dir='ltr'><strong>hoc</strong></span> <span class='ocrx_word' id='word_1_135' title='bbox 857 2360 902 2410; x_wconf 89' lang='lat' dir='ltr'><strong>est</strong></span> <span class='ocrx_word' id='word_1_136' title='bbox 922 2371 940 2422; x_wconf 84' lang='lat'>4</span> <span class='ocrx_word' id='word_1_137' title='bbox 957 2362 983 2417; x_wconf 83' lang='lat'>÷</span> <span class='ocrx_word' id='word_1_138' title='bbox 1000 2373 1018 2427; x_wconf 86' lang='lat'>9</span> <span class='ocrx_word' id='word_1_139' title='bbox 1041 2350 1131 2431; x_wconf 94' lang='grc'><strong>(432)</strong></span> <span class='ocrx_word' id='word_1_140' title='bbox 1150 2372 1187 2412; x_wconf 83' lang='grc' dir='ltr'><strong>ιο</strong></span> <span class='ocrx_word' id='word_1_141' title='bbox 1210 2351 1293 2432; x_wconf 84' lang='grc'><strong>(433)</strong></span> 
     </span>
    </p>
   </div>
   <div class='ocr_carea' id='block_1_6' title="bbox 145 2446 293 2526">
    <p class='ocr_par' dir='ltr' id='par_1_6' title="bbox 145 2446 293 2526">
     <span class='ocr_line' id='line_1_19' title="bbox 145 2446 293 2526; baseline -0.027 0"><span class='ocrx_word' id='word_1_142' title='bbox 145 2466 178 2504; x_wconf 86' lang='lat'><strong>1¹</strong></span> <span class='ocrx_word' id='word_1_143' title='bbox 196 2446 293 2526; x_wconf 82' lang='lat'>(434)-</span> 
     </span>
    </p>
   </div>
   <div class='ocr_carea' id='block_1_7' title="bbox 440 2703 977 2920">
    <p class='ocr_par' dir='ltr' id='par_1_7' title="bbox 440 2703 977 2920">
     <span class='ocr_line' id='line_1_20' title="bbox 692 2703 747 2763; baseline -0.036 0"><span class='ocrx_word' id='word_1_144' title='bbox 692 2703 747 2763; x_wconf 90' lang='lat' dir='ltr'>III.</span> 
     </span>
     <span class='ocr_line' id='line_1_21' title="bbox 440 2861 977 2920; baseline 0 0"><span class='ocrx_word' id='word_1_145' title='bbox 440 2863 484 2920; x_wconf 90' lang='lat' dir='ltr'><strong>lV</strong></span> <span class='ocrx_word' id='word_1_146' title='bbox 499 2863 527 2919; x_wconf 89' lang='lat' dir='ltr'>V</span> <span class='ocrx_word' id='word_1_147' title='bbox 541 2862 631 2920; x_wconf 90' lang='lat' dir='ltr'>XXII</span> <span class='ocrx_word' id='word_1_148' title='bbox 647 2862 751 2920; x_wconf 91' lang='lat' dir='ltr'>XXIII</span> <span class='ocrx_word' id='word_1_149' title='bbox 766 2862 871 2920; x_wconf 92' lang='lat' dir='ltr'>XXIX</span> <span class='ocrx_word' id='word_1_150' title='bbox 886 2861 977 2920; x_wconf 89' lang='lat' dir='ltr'>XLV.</span> 
     </span>
    </p>
   </div>
   <div class='ocr_carea' id='block_1_8' title="bbox 141 2995 1329 3664">
    <p class='ocr_par' dir='ltr' id='par_1_8' title="bbox 141 2995 1329 3664">
     <span class='ocr_line' id='line_1_22' title="bbox 182 2995 1329 3072; baseline 0.003 -19"><span class='ocrx_word' id='word_1_151' title='bbox 182 2998 216 3057; x_wconf 92' lang='lat' dir='ltr'><strong>C.</strong></span> <span class='ocrx_word' id='word_1_152' title='bbox 232 2995 276 3053; x_wconf 94' lang='lat' dir='ltr'><strong>IV</strong></span> <span class='ocrx_word' id='word_1_153' title='bbox 291 2995 328 3055; x_wconf 93' lang='lat' dir='ltr'><strong>de</strong></span> <span class='ocrx_word' id='word_1_154' title='bbox 342 2996 476 3056; x_wconf 87' lang='lat' dir='ltr'><strong>Phasello</strong></span> <span class='ocrx_word' id='word_1_155' title='bbox 490 2998 564 3055; x_wconf 87' lang='lat' dir='ltr'><strong>inter</strong></span> <span class='ocrx_word' id='word_1_156' title='bbox 579 2997 739 3055; x_wconf 87' lang='lat' dir='ltr'><strong>clarissima</strong></span> <span class='ocrx_word' id='word_1_157' title='bbox 753 2997 888 3072; x_wconf 86' lang='lat' dir='ltr'><strong>exempla</strong></span> <span class='ocrx_word' id='word_1_158' title='bbox 902 2998 1059 3069; x_wconf 76' lang='grc' dir='ltr'>συμμετρίας</span> <span class='ocrx_word' id='word_1_159' title='bbox 1073 2996 1181 3057; x_wconf 89' lang='lat' dir='ltr'><strong>habeo.</strong></span> <span class='ocrx_word' id='word_1_160' title='bbox 1216 2997 1292 3056; x_wconf 88' lang='lat' dir='ltr'><strong>Nam</strong></span> <span class='ocrx_word' id='word_1_161' title='bbox 1324 3051 1329 3064; x_wconf 87' lang='grc'>,</span> 
     </span>
     <span class='ocr_line' id='line_1_23' title="bbox 142 3094 1292 3171; baseline 0.001 -20"><span class='ocrx_word' id='word_1_162' title='bbox 142 3112 202 3152; x_wconf 93' lang='lat' dir='ltr'><strong>non</strong></span> <span class='ocrx_word' id='word_1_163' title='bbox 231 3095 325 3153; x_wconf 92' lang='lat' dir='ltr'><strong>solum</strong></span> <span class='ocrx_word' id='word_1_164' title='bbox 351 3094 466 3154; x_wconf 91' lang='lat' dir='ltr'><strong>duobus</strong></span> <span class='ocrx_word' id='word_1_165' title='bbox 487 3095 613 3154; x_wconf 92' lang='lat' dir='ltr'><strong>dimidiis</strong></span> <span class='ocrx_word' id='word_1_166' title='bbox 643 3104 758 3155; x_wconf 90' lang='lat' dir='ltr'><strong>constat</strong></span> <span class='ocrx_word' id='word_1_167' title='bbox 778 3095 906 3171; x_wconf 87' lang='lat' dir='ltr'><strong>paribus,</strong></span> <span class='ocrx_word' id='word_1_168' title='bbox 929 3094 980 3153; x_wconf 92' lang='lat' dir='ltr'><strong>sed</strong></span> <span class='ocrx_word' id='word_1_169' title='bbox 1002 3095 1048 3153; x_wconf 94' lang='lat' dir='ltr'><strong>his</strong></span> <span class='ocrx_word' id='word_1_170' title='bbox 1070 3096 1112 3155; x_wconf 88' lang='lat' dir='ltr'><strong>sic</strong></span> <span class='ocrx_word' id='word_1_171' title='bbox 1134 3096 1236 3155; x_wconf 90' lang='lat' dir='ltr'><strong>diuisis</strong></span> <span class='ocrx_word' id='word_1_172' title='bbox 1262 3105 1292 3153; x_wconf 94' lang='lat' dir='ltr'><strong>ut</strong></span> 
     </span>
     <span class='ocr_line' id='line_1_24' title="bbox 142 3190 1291 3271; baseline 0 -21"><span class='ocrx_word' id='word_1_173' title='bbox 142 3191 263 3268; x_wconf 84' lang='lat' dir='ltr'><strong>singulis</strong></span> <span class='ocrx_word' id='word_1_174' title='bbox 282 3197 429 3266; x_wconf 70' lang='grc' dir='ltr'>περικοπαῐς</span> <span class='ocrx_word' id='word_1_175' title='bbox 449 3190 554 3251; x_wconf 83' lang='lat' dir='ltr'><strong>alterae</strong></span> <span class='ocrx_word' id='word_1_176' title='bbox 571 3193 768 3267; x_wconf 88' lang='lat' dir='ltr'><strong>respondeant</strong></span> <span class='ocrx_word' id='word_1_177' title='bbox 785 3203 814 3250; x_wconf 91' lang='lat' dir='ltr'><strong>et</strong></span> <span class='ocrx_word' id='word_1_178' title='bbox 835 3192 940 3251; x_wconf 90' lang='lat' dir='ltr'><strong>eodem</strong></span> <span class='ocrx_word' id='word_1_179' title='bbox 962 3192 1030 3250; x_wconf 88' lang='lat' dir='ltr'><strong>loco</strong></span> <span class='ocrx_word' id='word_1_180' title='bbox 1052 3193 1169 3268; x_wconf 88' lang='lat' dir='ltr'><strong>positae</strong></span> <span class='ocrx_word' id='word_1_181' title='bbox 1191 3205 1219 3252; x_wconf 91' lang='lat' dir='ltr'><strong>et</strong></span> <span class='ocrx_word' id='word_1_182' title='bbox 1233 3193 1291 3271; x_wconf 88' lang='lat' dir='ltr'><strong>pari</strong></span> 
     </span>
     <span class='ocr_line' id='line_1_25' title="bbox 141 3290 1291 3370; baseline 0 -22"><span class='ocrx_word' id='word_1_183' title='bbox 141 3307 265 3370; x_wconf 84' lang='lat' dir='ltr'><strong>numero</strong></span> <span class='ocrx_word' id='word_1_184' title='bbox 285 3309 430 3350; x_wconf 87' lang='lat' dir='ltr'><strong>uersuum.</strong></span> <span class='ocrx_word' id='word_1_185' title='bbox 482 3290 612 3349; x_wconf 82' lang='lat' dir='ltr'><strong>DImidia</strong></span> <span class='ocrx_word' id='word_1_186' title='bbox 633 3310 669 3350; x_wconf 84' lang='lat' dir='ltr'><strong>ex</strong></span> <span class='ocrx_word' id='word_1_187' title='bbox 692 3290 836 3350; x_wconf 92' lang='lat' dir='ltr'><strong>duodenis</strong></span> <span class='ocrx_word' id='word_1_188' title='bbox 861 3298 937 3362; x_wconf 92' lang='lat' dir='ltr'><strong>sunt,</strong></span> <span class='ocrx_word' id='word_1_189' title='bbox 959 3308 1085 3366; x_wconf 93' lang='lat' dir='ltr'><strong>quorum</strong></span> <span class='ocrx_word' id='word_1_190' title='bbox 1111 3293 1255 3367; x_wconf 88' lang='lat' dir='ltr'><strong>posterius</strong></span> <span class='ocrx_word' id='word_1_191' title='bbox 1274 3308 1291 3348; x_wconf 90' lang='lat' dir='ltr'><strong>a</strong></span> 
     </span>
     <span class='ocr_line' id='line_1_26' title="bbox 142 3387 1290 3467; baseline -0.003 -20"><span class='ocrx_word' id='word_1_192' title='bbox 142 3389 230 3464; x_wconf 91' lang='lat' dir='ltr'><strong>priori</strong></span> <span class='ocrx_word' id='word_1_193' title='bbox 247 3402 396 3467; x_wconf 87' lang='lat' dir='ltr'><strong>separatur</strong></span> <span class='ocrx_word' id='word_1_194' title='bbox 418 3391 610 3449; x_wconf 90' lang='lat' dir='ltr'><strong>conuersione</strong></span> <span class='ocrx_word' id='word_1_195' title='bbox 632 3389 797 3448; x_wconf 90' lang='lat' dir='ltr'><strong>aPhasello</strong></span> <span class='ocrx_word' id='word_1_196' title='bbox 817 3389 892 3447; x_wconf 87' lang='lat' dir='ltr'><strong>sacta</strong></span> <span class='ocrx_word' id='word_1_197' title='bbox 911 3387 948 3446; x_wconf 91' lang='lat' dir='ltr'><strong>ad</strong></span> <span class='ocrx_word' id='word_1_198' title='bbox 970 3389 1052 3447; x_wconf 90' lang='lat' dir='ltr'><strong>locos</strong></span> <span class='ocrx_word' id='word_1_199' title='bbox 1070 3389 1122 3446; x_wconf 92' lang='lat' dir='ltr'><strong>ubi</strong></span> <span class='ocrx_word' id='word_1_200' title='bbox 1142 3389 1290 3464; x_wconf 90' lang='lat' dir='ltr'><strong>quondam</strong></span> 
     </span>
     <span class='ocr_line' id='line_1_27' title="bbox 141 3484 1288 3565; baseline -0.002 -20"><span class='ocrx_word' id='word_1_201' title='bbox 141 3486 235 3546; x_wconf 86' lang='lat' dir='ltr'><strong>luerat</strong></span> <span class='ocrx_word' id='word_1_202' title='bbox 249 3488 384 3548; x_wconf 81' lang='lat' dir='ltr'><strong>Amastri</strong></span> <span class='ocrx_word' id='word_1_203' title='bbox 401 3490 521 3547; x_wconf 86' lang='lat' dir='ltr'><strong>Pontica</strong></span> <span class='ocrx_word' id='word_1_204' title='bbox 539 3497 565 3547; x_wconf 84' lang='lat' dir='ltr'><strong>et</strong></span> <span class='ocrx_word' id='word_1_205' title='bbox 580 3487 679 3562; x_wconf 77' lang='lat' dir='ltr'><strong>Cytore</strong></span> <span class='ocrx_word' id='word_1_206' title='bbox 697 3488 816 3565; x_wconf 65' lang='lat' dir='ltr'><strong>buxffer</strong></span> <span class='ocrx_word' id='word_1_207' title='bbox 837 3486 877 3565; x_wconf 77' lang='lat' dir='ltr'><strong>(u.</strong></span> <span class='ocrx_word' id='word_1_208' title='bbox 897 3484 954 3565; x_wconf 77' lang='grc'><strong>23).</strong></span> <span class='ocrx_word' id='word_1_209' title='bbox 996 3485 1067 3545; x_wconf 91' lang='lat' dir='ltr'><strong>Post</strong></span> <span class='ocrx_word' id='word_1_210' title='bbox 1088 3505 1116 3543; x_wconf 90' lang='lat' dir='ltr'><strong>u.</strong></span> <span class='ocrx_word' id='word_1_211' title='bbox 1144 3506 1181 3560; x_wconf 83' lang='lat'><strong>24</strong></span> <span class='ocrx_word' id='word_1_212' title='bbox 1204 3486 1288 3545; x_wconf 86' lang='lat' dir='ltr'><strong>additi</strong></span> 
     </span>
     <span class='ocr_line' id='line_1_28' title="bbox 142 3570 1118 3664; baseline -0.002 -21"><span class='ocrx_word' id='word_1_213' title='bbox 142 3597 209 3645; x_wconf 92' lang='lat' dir='ltr'><strong>sunt</strong></span> <span class='ocrx_word' id='word_1_214' title='bbox 223 3605 324 3647; x_wconf 91' lang='lat' dir='ltr'><strong>uersus</strong></span> <span class='ocrx_word' id='word_1_215' title='bbox 338 3599 405 3662; x_wconf 88' lang='lat' dir='ltr'><strong>tres,</strong></span> <span class='ocrx_word' id='word_1_216' title='bbox 421 3587 470 3664; x_wconf 91' lang='lat' dir='ltr'><strong>qui</strong></span> <span class='ocrx_word' id='word_1_217' title='bbox 485 3597 625 3662; x_wconf 87' lang='lat' dir='ltr'><strong>tanquam</strong></span> <span class='ocrx_word' id='word_1_218' title='bbox 639 3585 835 3663; x_wconf 88' lang='lat' dir='ltr'><strong>appendicem</strong></span> <span class='ocrx_word' id='word_1_219' title='bbox 850 3584 958 3643; x_wconf 83' lang='lat' dir='ltr'><strong>faciunt</strong></span> <span class='ocrx_word' id='word_1_220' title='bbox 972 3570 1118 3642; x_wconf 80' lang='lat' dir='ltr'><strong>carminIs.</strong></span> 
     </span>
    </p>
   </div>
   <div class='ocr_carea' id='block_1_9' title="bbox 320 3715 1006 3989">
    <p class='ocr_par' dir='ltr' id='par_1_9' title="bbox 320 3715 1006 3989">
     <span class='ocr_line' id='line_1_29' title="bbox 384 3715 1006 3795; baseline -0.01 -18"><span class='ocrx_word' id='word_1_221' title='bbox 384 3719 443 3778; x_wconf 84' lang='lat' dir='ltr'><strong>Sed</strong></span> <span class='ocrx_word' id='word_1_222' title='bbox 459 3721 525 3777; x_wconf 80' lang='lat' dir='ltr'><strong>haec</strong></span> <span class='ocrx_word' id='word_1_223' title='bbox 539 3721 625 3795; x_wconf 73' lang='lat' dir='ltr'><strong>prais</strong></span> <span class='ocrx_word' id='word_1_224' title='bbox 635 3719 745 3793; x_wconf 67' lang='lat' dir='ltr'><strong>surm</strong></span> <span class='ocrx_word' id='word_1_225' title='bbox 776 3737 849 3774; x_wconf 79' lang='lat' dir='ltr'><strong>nunc</strong></span> <span class='ocrx_word' id='word_1_226' title='bbox 868 3715 1006 3773; x_wconf 77' lang='lat' dir='ltr'><strong>recondita</strong></span> 
     </span>
     <span class='ocr_line' id='line_1_30' title="bbox 385 3813 878 3891; baseline -0.012 -16"><span class='ocrx_word' id='word_1_227' title='bbox 385 3816 467 3875; x_wconf 75' lang='lat' dir='ltr'><strong>Sena</strong></span> <span class='ocrx_word' id='word_1_228' title='bbox 486 3818 578 3891; x_wconf 69' lang='lat' dir='ltr'><strong>quieta</strong></span> <span class='ocrx_word' id='word_1_229' title='bbox 599 3834 677 3890; x_wconf 84' lang='lat' dir='ltr'><strong>seque</strong></span> <span class='ocrx_word' id='word_1_230' title='bbox 697 3815 805 3872; x_wconf 81' lang='lat' dir='ltr'><strong>dcdz&#39;cat</strong></span> <span class='ocrx_word' id='word_1_231' title='bbox 823 3813 878 3871; x_wconf 82' lang='lat' dir='ltr'><strong>tibi</strong></span> 
     </span>
     <span class='ocr_line' id='line_1_31' title="bbox 320 3904 958 3989; baseline -0.013 -15"><span class='ocrx_word' id='word_1_232' title='bbox 320 3904 321 3908; x_wconf 25' lang='lat'>¹</span> <span class='ocrx_word' id='word_1_233' title='bbox 387 3914 504 3973; x_wconf 81' lang='lat' dir='ltr'><strong>Gemella</strong></span> <span class='ocrx_word' id='word_1_234' title='bbox 527 3912 628 3972; x_wconf 85' lang='lat' dir='ltr'><strong>Castor</strong></span> <span class='ocrx_word' id='word_1_235' title='bbox 648 3920 674 3970; x_wconf 83' lang='lat' dir='ltr'><strong>et</strong></span> <span class='ocrx_word' id='word_1_236' title='bbox 688 3913 800 3989; x_wconf 81' lang='lat' dir='ltr'><strong>gemelle</strong></span> <span class='ocrx_word' id='word_1_237' title='bbox 823 3910 958 3970; x_wconf 85' lang='lat' dir='ltr'><strong>Castoris.</strong></span> 
     </span>
    </p>
   </div>
   <div class='ocr_carea' id='block_1_10' title="bbox 141 4042 1288 4318">
    <p class='ocr_par' dir='ltr' id='par_1_10' title="bbox 141 4042 1288 4318">
     <span class='ocr_line' id='line_1_32' title="bbox 141 4042 1287 4125; baseline -0.003 -21"><span class='ocrx_word' id='word_1_238' title='bbox 141 4049 295 4125; x_wconf 89' lang='lat' dir='ltr'><strong>thmque</strong></span> <span class='ocrx_word' id='word_1_239' title='bbox 307 4048 457 4108; x_wconf 90' lang='lat' dir='ltr'><strong>dimidium</strong></span> <span class='ocrx_word' id='word_1_240' title='bbox 473 4047 648 4105; x_wconf 89' lang='lat' dir='ltr'><strong>distribuitur</strong></span> <span class='ocrx_word' id='word_1_241' title='bbox 662 4049 692 4104; x_wconf 92' lang='lat' dir='ltr'><strong>in</strong></span> <span class='ocrx_word' id='word_1_242' title='bbox 709 4061 766 4122; x_wconf 82' lang='grc'><strong>543</strong></span> <span class='ocrx_word' id='word_1_243' title='bbox 783 4044 812 4123; x_wconf 79' lang='grc' dir='ltr'><strong>(α</strong></span> <span class='ocrx_word' id='word_1_244' title='bbox 825 4051 845 4112; x_wconf 84' lang='grc' dir='ltr'><strong><em>β</em></strong></span> <span class='ocrx_word' id='word_1_245' title='bbox 858 4044 896 4123; x_wconf 78' lang='grc' dir='ltr'><strong>γ).</strong></span> <span class='ocrx_word' id='word_1_246' title='bbox 940 4044 976 4101; x_wconf 91' lang='lat' dir='ltr'><strong>In</strong></span> <span class='ocrx_word' id='word_1_247' title='bbox 989 4067 1006 4100; x_wconf 82' lang='lat' dir='ltr'><strong>a</strong></span> <span class='ocrx_word' id='word_1_248' title='bbox 1020 4042 1173 4103; x_wconf 89' lang='lat' dir='ltr'><strong>Phasellus</strong></span> <span class='ocrx_word' id='word_1_249' title='bbox 1192 4044 1236 4103; x_wconf 93' lang='lat' dir='ltr'><strong>bis</strong></span> <span class='ocrx_word' id='word_1_250' title='bbox 1250 4045 1287 4101; x_wconf 90' lang='lat' dir='ltr'><strong>iu·</strong></span> 
     </span>
     <span class='ocr_line' id='line_1_33' title="bbox 141 4141 1288 4222; baseline -0.007 -16"><span class='ocrx_word' id='word_1_251' title='bbox 141 4148 255 4206; x_wconf 88' lang='lat' dir='ltr'><strong>ducitur</strong></span> <span class='ocrx_word' id='word_1_252' title='bbox 266 4147 302 4205; x_wconf 88' lang='lat' dir='ltr'><strong>de</strong></span> <span class='ocrx_word' id='word_1_253' title='bbox 317 4165 348 4205; x_wconf 91' lang='lat' dir='ltr'><strong>se</strong></span> <span class='ocrx_word' id='word_1_254' title='bbox 359 4147 501 4222; x_wconf 89' lang='lat' dir='ltr'><strong>loquens;</strong></span> <span class='ocrx_word' id='word_1_255' title='bbox 517 4144 547 4202; x_wconf 90' lang='lat' dir='ltr'><strong>in</strong></span> <span class='ocrx_word' id='word_1_256' title='bbox 562 4157 583 4199; x_wconf 82' lang='grc' dir='ltr'>Α</span> <span class='ocrx_word' id='word_1_257' title='bbox 596 4169 613 4200; x_wconf 79' lang='lat' dir='ltr'><strong>a</strong></span> <span class='ocrx_word' id='word_1_258' title='bbox 627 4145 708 4220; x_wconf 87' lang='lat' dir='ltr'><strong>quod</strong></span> <span class='ocrx_word' id='word_1_259' title='bbox 722 4144 887 4202; x_wconf 88' lang='lat' dir='ltr'><strong>celerrimus</strong></span> <span class='ocrx_word' id='word_1_260' title='bbox 902 4141 993 4214; x_wconf 85' lang='lat' dir='ltr'><strong>fuerit,</strong></span> <span class='ocrx_word' id='word_1_261' title='bbox 1004 4141 1033 4198; x_wconf 92' lang='lat' dir='ltr'><strong>in</strong></span> <span class='ocrx_word' id='word_1_262' title='bbox 1045 4152 1065 4197; x_wconf 88' lang='grc' dir='ltr'><strong>Β</strong></span> <span class='ocrx_word' id='word_1_263' title='bbox 1079 4167 1097 4198; x_wconf 80' lang='lat' dir='ltr'><strong>a</strong></span> <span class='ocrx_word' id='word_1_264' title='bbox 1111 4141 1194 4219; x_wconf 92' lang='lat' dir='ltr'><strong>quod</strong></span> <span class='ocrx_word' id='word_1_265' title='bbox 1208 4152 1288 4200; x_wconf 86' lang='lat' dir='ltr'><strong>antea</strong></span> 
     </span>
     <span class='ocr_line' id='line_1_34' title="bbox 142 4237 1286 4318; baseline -0.004 -16"><span class='ocrx_word' id='word_1_266' title='bbox 142 4244 250 4303; x_wconf 88' lang='lat' dir='ltr'><strong>steterit</strong></span> <span class='ocrx_word' id='word_1_267' title='bbox 264 4245 294 4300; x_wconf 93' lang='lat' dir='ltr'><strong>in</strong></span> <span class='ocrx_word' id='word_1_268' title='bbox 309 4241 436 4318; x_wconf 89' lang='lat' dir='ltr'><strong>Cytoro:</strong></span> <span class='ocrx_word' id='word_1_269' title='bbox 459 4251 608 4317; x_wconf 88' lang='lat' dir='ltr'><strong>praeterea</strong></span> <span class='ocrx_word' id='word_1_270' title='bbox 627 4241 700 4300; x_wconf 89' lang='lat' dir='ltr'><strong>haee</strong></span> <span class='ocrx_word' id='word_1_271' title='bbox 714 4241 742 4299; x_wconf 93' lang='lat' dir='ltr'><strong>in</strong></span> <span class='ocrx_word' id='word_1_272' title='bbox 759 4252 780 4297; x_wconf 78' lang='grc' dir='ltr'>Α</span> <span class='ocrx_word' id='word_1_273' title='bbox 795 4266 820 4312; x_wconf 82' lang='lat' dir='ltr'><strong>a,</strong></span> <span class='ocrx_word' id='word_1_274' title='bbox 836 4252 856 4297; x_wconf 87' lang='grc' dir='ltr'><strong>Β</strong></span> <span class='ocrx_word' id='word_1_275' title='bbox 870 4265 887 4296; x_wconf 81' lang='lat' dir='ltr'><strong>a</strong></span> <span class='ocrx_word' id='word_1_276' title='bbox 900 4239 1085 4311; x_wconf 82' lang='lat' dir='ltr'><strong>communia3</strong></span> <span class='ocrx_word' id='word_1_277' title='bbox 1107 4242 1153 4297; x_wconf 85' lang='lat' dir='ltr'><strong>ait</strong></span> <span class='ocrx_word' id='word_1_278' title='bbox 1165 4237 1206 4318; x_wconf 92' lang='lat' dir='ltr'><strong>(u.</strong></span> <span class='ocrx_word' id='word_1_279' title='bbox 1225 4237 1286 4318; x_wconf 84' lang='lat'>15);</span> 
     </span>
    </p>
   </div>
   <div class='ocr_carea' id='block_1_11' title="bbox 141 4335 1287 4517">
    <p class='ocr_par' dir='ltr' id='par_1_11' title="bbox 141 4335 1287 4517">
     <span class='ocr_line' id='line_1_35' title="bbox 141 4335 1287 4420; baseline -0.005 -19"><span class='ocrx_word' id='word_1_280' title='bbox 141 4341 307 4418; x_wconf 90' lang='lat' dir='ltr'><strong>superlatiui</strong></span> <span class='ocrx_word' id='word_1_281' title='bbox 327 4342 486 4400; x_wconf 77' lang='lat' dir='ltr'><strong>celerrimus</strong></span> <span class='ocrx_word' id='word_1_282' title='bbox 499 4339 552 4420; x_wconf 85' lang='grc'><strong>(2),</strong></span> <span class='ocrx_word' id='word_1_283' title='bbox 573 4340 762 4417; x_wconf 81' lang='lat' dir='ltr'><strong>cognitissima</strong></span> <span class='ocrx_word' id='word_1_284' title='bbox 777 4337 851 4417; x_wconf 83' lang='lat'>(14),</span> <span class='ocrx_word' id='word_1_285' title='bbox 868 4339 1016 4415; x_wconf 81' lang='lat' dir='ltr'><strong>geminata</strong></span> <span class='ocrx_word' id='word_1_286' title='bbox 1030 4339 1098 4411; x_wconf 77' lang='lat' dir='ltr'><strong>stiae,</strong></span> <span class='ocrx_word' id='word_1_287' title='bbox 1113 4340 1175 4396; x_wconf 83' lang='lat' dir='ltr'><strong>siae</strong></span> <span class='ocrx_word' id='word_1_288' title='bbox 1193 4336 1236 4417; x_wconf 91' lang='grc'><strong>(4,</strong></span> <span class='ocrx_word' id='word_1_289' title='bbox 1250 4335 1287 4415; x_wconf 80' lang='grc'><strong>5),</strong></span> 
     </span>
     <span class='ocr_line' id='line_1_36' title="bbox 141 4436 1287 4517; baseline -0.003 -20"><span class='ocrx_word' id='word_1_290' title='bbox 141 4448 194 4511; x_wconf 84' lang='lat' dir='ltr'><strong>tao,</strong></span> <span class='ocrx_word' id='word_1_291' title='bbox 219 4446 265 4496; x_wconf 89' lang='lat' dir='ltr'><strong>tuo</strong></span> <span class='ocrx_word' id='word_1_292' title='bbox 288 4436 350 4517; x_wconf 86' lang='lat'>(16,</span> <span class='ocrx_word' id='word_1_293' title='bbox 377 4437 437 4516; x_wconf 71' lang='grc' dir='ltr'><strong>ιγ).</strong></span> <span class='ocrx_word' id='word_1_294' title='bbox 480 4438 515 4496; x_wconf 89' lang='lat' dir='ltr'><strong>In</strong></span> <span class='ocrx_word' id='word_1_295' title='bbox 536 4443 556 4507; x_wconf 83' lang='grc' dir='ltr'>β</span> <span class='ocrx_word' id='word_1_296' title='bbox 579 4437 716 4497; x_wconf 88' lang='lat' dir='ltr'><strong>transitus</strong></span> <span class='ocrx_word' id='word_1_297' title='bbox 745 4437 776 4495; x_wconf 85' lang='lat' dir='ltr'><strong>fit</strong></span> <span class='ocrx_word' id='word_1_298' title='bbox 796 4456 849 4514; x_wconf 85' lang='lat' dir='ltr'><strong>per</strong></span> <span class='ocrx_word' id='word_1_299' title='bbox 870 4437 915 4495; x_wconf 87' lang='lat' dir='ltr'><strong>Et</strong></span> <span class='ocrx_word' id='word_1_300' title='bbox 936 4437 973 4496; x_wconf 83' lang='lat' dir='ltr'><strong>ad</strong></span> <span class='ocrx_word' id='word_1_301' title='bbox 998 4437 1103 4496; x_wconf 88' lang='lat' dir='ltr'><strong>itinera</strong></span> <span class='ocrx_word' id='word_1_302' title='bbox 1125 4455 1203 4516; x_wconf 90' lang='lat' dir='ltr'><strong>quae</strong></span> <span class='ocrx_word' id='word_1_303' title='bbox 1225 4452 1287 4496; x_wconf 90' lang='lat' dir='ltr'><strong>cum</strong></span> 
     </span>
    </p>
   </div>
   <div class='ocr_carea' id='block_1_12' title="bbox 0 0 1440 5002">
    <p class='ocr_par' dir='ltr' id='par_1_12' title="bbox 0 0 1440 5002">
     <span class='ocr_line' id='line_1_37' title="bbox 0 0 1440 5002; baseline 0 0"><span class='ocrx_word' id='word_1_304' title='bbox 0 0 1440 5002; x_wconf 95' lang='lat' dir='ltr'><strong> </strong></span> 
     </span>
    </p>
   </div>
  </div>
 </body>
</html>
