2872 5002
568 318 625 377 AD
653 317 746 379 XLV.
873 330 876 335 ’
1171 324 1229 379 327

80 493 123 542 est
152 484 181 541 in
207 483 357 543 codicibus
386 485 491 544 Catulli
520 485 754 546 Celtiberosae
777 487 918 562 legeretur
941 487 1019 564 apud
1040 486 1230 556 Priscianum,

79 582 166 657 idque
189 600 249 639 non
271 583 361 640 semel
382 594 495 642 tantum
518 585 570 644 sed
593 587 622 643 in
646 586 761 645 duobus
783 604 878 663 neque
901 585 1031 645 eiusdem
1051 587 1115 644 libri
1136 585 1230 644 locis?

79 679 158 737 Nam
183 699 236 738 nec
261 693 353 739 metro
379 682 516 741 satisfacit
540 702 596 743 nec
621 685 788 744 sententiae.
833 683 930 743 Credo
951 685 981 742 in
1003 685 1094 743 altero
1116 694 1229 742 tanturn

79 779 147 837 loco
161 798 261 838 uersus
276 781 402 856 primum
417 782 520 840 citatos
535 782 632 854 luisse,
647 784 715 841 hinc
730 785 759 841 in
774 783 894 842 alterum
915 783 1019 853 illatos,
1034 783 1084 841 sed
1105 783 1230 842 lectione

78 879 136 935 iam
159 889 301 954 cormpta.
344 878 381 936 Et
395 899 413 936 a
427 880 463 938 V.
479 894 516 955 77
533 882 651 957 quidem
673 900 774 940 uersus
795 900 856 941 non
877 893 1013 959 poterant
1034 882 1146 952 abesse,
1160 899 1230 939 nam

79 975 116 1032 de
136 978 271 1034 uocatiuo
292 995 359 1036 une
381 979 482 1036 dicens
503 997 563 1037 non
585 991 647 1038 erat
664 980 769 1039 Catulli
790 998 907 1039 uersum
921 980 1132 1056 praeteriturus,
1147 989 1229 1055 pote·

79 1083 144 1130 rant
159 1093 175 1130 a
191 1072 259 1132 VII.
277 1095 312 1132 22
329 1077 378 1133 ubi
400 1077 437 1134 ad
458 1077 660 1136 illustrandum
681 1088 870 1154 praeceptum
892 1079 928 1137 de
950 1079 1091 1138 uocatiuis
1105 1079 1134 1136 in
1149 1078 1158 1134 i
1174 1077 1230 1137 alia

79 1171 213 1247 exempla
227 1174 458 1249 suppeditabant
502 1174 577 1233 Puto
591 1176 678 1250 igitur
691 1177 721 1232 in
740 1176 839 1252 aliquo
859 1176 1018 1253 exemplari
1031 1176 1069 1234 V.
1086 1189 1120 1251 77
1139 1176 1229 1250 scrip·
1311 1192 1319 1204 ·

78 1278 142 1326 tum
165 1269 252 1329 fuisse
275 1270 444 1330 Cuniculo
469 1291 521 1344 se;
551 1291 621 1331 mox
649 1275 739 1333 erasis
768 1274 871 1333 mediis
898 1274 1006 1346 litteris,
1031 1274 1078 1331 uel
1107 1273 1228 1332 fortasse

78 1368 170 1426 oculis
184 1369 295 1427 scribae
310 1371 359 1444 qui
375 1369 479 1429 Catulli
494 1371 597 1428 librum
620 1389 687 1429 cum
708 1371 858 1430 Prisciano
879 1371 1047 1431 conferebat
1067 1371 1228 1430 errantibus

79 1465 116 1523 ad
145 1465 286 1524 XXXIX.
319 1480 352 1540 17
384 1468 482 1526 Nunc
511 1469 662 1528 Celtiber
690 1488 733 1540 es,
762 1468 950 1528 Celtiberia
977 1471 1012 1527 in
1043 1481 1141 1542 terra,
1170 1467 1229 1528 hoc

79 1574 223 1622 mutatum
237 1566 266 1622 in
286 1566 460 1626 Celtibero
482 1585 526 1638 se,
548 1567 616 1626 hinc
639 1567 873 1628 Celtiberosae
887 1569 918 1626 in
932 1567 1001 1626 VII.
1018 1587 1054 1626 22
1071 1568 1226 1644 irrepsisse.

79 1662 181 1720 Scriba
202 1664 311 1722 codicis
332 1664 578 1725 Darmstadiensis
599 1668 677 1725 unde
699 1666 930 1726 Cuniculosae
951 1667 980 1725 in
1000 1665 1067 1726 VII.
1086 1686 1121 1725 22
1145 1684 1228 1724 acce·

78 1760 161 1834 perit,
177 1777 237 1818 non
258 1763 350 1820 ausim
372 1764 502 1821 diuinare
514 1782 522 1833 ;
543 1763 664 1823 sortasse
685 1783 702 1822 a
723 1765 854 1841 margine
875 1765 1045 1841 desumpsit,
1068 1763 1188 1822 sortasse
1211 1780 1229 1821 a

78 1859 227 1935 glossario,
249 1861 296 1919 uel
320 1864 532 1922 commentario
553 1863 650 1939 aliquo
672 1865 771 1939 quales
793 1864 823 1921 in
843 1863 1024 1923 Priscianum
1045 1873 1145 1922 extant
1166 1880 1227 1921 non

76 1976 172 2033 pauci.

120 2051 218 2136 [Haec
240 2057 269 2114 in
292 2058 337 2116 ed.
352 2059 447 2134 priore
470 2059 652 2135 scripseram.
695 2057 783 2118 Nunc
798 2057 939 2118 Munroni
953 2060 1051 2136 potius
1066 2057 1227 2134 adstipulor

78 2155 264 2214 existumanti
290 2156 472 2215 Priscianum
500 2159 561 2216 siue
589 2158 775 2234 neglegentia
803 2159 865 2216 siue
891 2157 963 2215 uitio
994 2156 1092 2232 aliquo
1119 2157 1226 2215 mentis

79 2262 196 2328 captum
221 2254 251 2310 in
276 2254 365 2313 altero
387 2256 519 2314 locomm
541 2256 729 2333 descripsisse
750 2255 987 2315 Celtiberosae
1009 2255 1226 2324 Celtiberiae,

80 2367 149 2406 mox
166 2350 242 2408 idern
264 2363 389 2411 erratum
412 2353 441 2412 in
463 2353 553 2413 altero
571 2356 729 2431 repetiisse.
774 2354 936 2414 Critr'cr'sms
956 2354 1017 2411 and
1033 2352 1228 2410 Elucriialrom

76 2466 104 2524 r·
122 2444 183 2527 ⁶7l·

381 2643 622 2703 ADDENDVM
643 2644 681 2703 ad
701 2645 796 2703 XLII.
816 2647 923 2702 16-18.

119 2768 204 2828 Haec
220 2769 262 2827 sic
277 2768 431 2828 scribenda
445 2787 509 2828 esse
524 2778 625 2828 censet
640 2767 748 2828 Munro
762 2766 939 2848 (Critr‘crims
956 2766 1018 2825 ond
1031 2766 1225 2825 Elucriiatrine

77 2885 104 2942 p·
125 2866 194 2944 Ῑῐ9)

280 2963 370 3036 Quod
391 2966 497 3023 sinon
519 2965 596 3024 aliud
617 2976 695 3041 pote,
716 2975 748 3024 ut
769 2965 906 3023 ruborem

280 3062 388 3120 Ferreo
410 3063 490 3121 canis
511 3063 707 3139 exprimamus
721 3081 782 3133 ore,

279 3161 471 3220 Conclamate
491 3162 597 3219 iterum
618 3161 719 3220 altiore
740 3178 815 3219 uoce
830 3165 913 3220 aa).

16 3308 22 3318 ·
76 3284 118 3341 ‘if
130 3284 253 3360 nothing
267 3285 326 3343 else
341 3303 397 3343 can
412 3285 451 3343 do
466 3302 510 3355 sq,
525 3284 556 3342 in
569 3284 655 3343 order
669 3293 699 3341 to
714 3291 808 3341 extort
823 3301 840 3341 a
853 3283 939 3340 blush
960 3282 1035 3342 from
1051 3282 1102 3339 her
1116 3280 1224 3338 brazen

74 3382 148 3453 lace,
163 3384 238 3441 bawl
251 3395 302 3441 out
316 3400 392 3442 once
406 3401 485 3442 more
500 3384 530 3441 in
545 3384 646 3441 louder
660 3391 745 3440 tones
755 3382 774 3439 :'
796 3381 843 3439 uel
856 3381 960 3440 eadem
975 3379 1119 3440 sententia

278 3497 368 3569 Quod
391 3497 414 3557 si
436 3516 496 3556 non
519 3497 596 3556 aliud
617 3506 722 3573 potest,
744 3497 880 3554 ruborem

277 3597 384 3657 Ferreo
405 3607 437 3654 ut
458 3597 539 3656 canis
560 3596 757 3673 exprimamus
779 3613 829 3652 ore
843 3618 866 3652 κ.
878 3618 902 3653 r.
911 3597 937 3651 λ.

72 3712 154 3788 quod
169 3711 305 3787 equidem
321 3710 542 3788 praeferendum
557 3711 690 3768 arbitror.
734 3708 793 3768 Sed
807 3709 864 3767 iam
878 3726 957 3767 anno
972 3707 1048 3779 1876
1062 3705 1224 3764 Pleitnerus

74 3811 241 3869 coniecerat
263 3809 400 3888 ¹(Studien
421 3827 449 3884 p.
475 3807 645 3885 117)idem
670 3807 740 3867 illud
761 3817 841 3884 pote
870 3817 914 3878 ut,
936 3822 1104 3882 quanquam
1130 3814 1223 3862 totum

72 3909 171 3968 locum
190 3926 286 3983 13-24
302 3908 484 3984 transpositis
499 3925 553 3966 suo
568 3909 684 3967 arbitrio
703 3908 834 3967 uersibus
850 3907 888 3964 ita
902 3905 1029 3979 corrupit
1043 3913 1073 3962 ut
1088 3903 1223 3962 tenebras

73 4008 196 4066 carmini
212 4024 272 4065 non
288 4006 381 4066 lucem
396 4006 536 4066 offudisse
551 4006 692 4065 uideatur.

442 4205 682 4265 ADDENDVM
703 4205 740 4265 ad
762 4203 855 4263 XLV.

113 4336 161 4395 De
189 4335 247 4396 boc
275 4336 403 4396 carmIne
430 4337 498 4396 uide
527 4337 723 4414 disputantem
755 4333 934 4393 Munronem
963 4332 1138 4413 (Crr'tr‘cisms
1167 4335 1228 4393 and

71 4434 269 4494 Elucz'daobns
286 4454 336 4512 pp.
354 4433 516 4513 rao-122).
