2872 5002
536 105 781 170 CARMEN
819 108 887 171 LV.

677 409 750 471 LV.

248 535 320 599 Aa'
366 537 534 615 ORAMVS,
558 539 585 600 si
608 539 693 602 sorte
716 560 783 603 non
807 539 984 603 molestum
1006 551 1064 616 est,

180 755 260 804 ‘lotum
272 771 386 817 carmen,
397 752 461 820 quod
466 764 516 821 pro
527 754 625 822 integro
633 753 717 818 habet,
726 757 763 806 sic
776 755 904 806 constituit
913 754 947 805 H.
958 755 994 807 A.
1005 757 1027 806 I.
1038 755 1132 807 Murro
1141 756 1167 807 in
1176 753 1285 807 Cantab.

148 823 219 875 Dior.
231 823 327 876 Philol.
342 823 371 875 V.
387 839 435 887 303

423 893 539 946 Othonis
557 899 640 961 caput
659 893 770 961 (oppido
789 900 831 946 est
855 893 994 962 pusillum)

423 964 466 1028 Et,
486 964 634 1030 tricustice,
647 964 788 1017 semilauta
806 981 895 1031 crura,

422 1034 526 1087 Subtile
538 1042 568 1087 et
580 1035 640 1087 leue
652 1034 776 1102 peditum
789 1035 911 1102 Libonis,

423 1105 449 1157 Si
468 1121 524 1157 non
542 1105 641 1171 omnia,
660 1105 803 1173 displicere
822 1106 919 1159 uellem

423 1176 489 1228 Tibi
507 1182 535 1228 et
556 1174 661 1228 Fuficio
679 1178 736 1228 seni
756 1183 884 1230 recocto:

423 1247 545 1299 Irascere
563 1247 663 1299 iterum
682 1247 749 1299 meis
767 1247 863 1300 iambis

422 1317 631 1384 Inmerentibus‚
650 1319 729 1369 unice
748 1317 908 1385 imperator.

684 1404 744 1457 LV.

172 1477 225 1528 Hoc
237 1495 341 1528 carmen
354 1479 455 1545 primus
472 1477 588 1528 Handius
600 1479 627 1529 in
641 1477 756 1545 strophas
773 1476 861 1528 diuisit
873 1478 921 1528 hac
933 1477 987 1545 lege
1001 1488 1030 1529 ut
1040 1479 1157 1546 singulae
1167 1480 1287 1548 strophae

141 1549 245 1600 duorum
260 1558 341 1599 essent
357 1565 483 1611 uersuum,
493 1550 565 1615 prior
581 1560 665 1599 autem
683 1565 771 1599 uersus
787 1547 937 1616 spondaeum
948 1549 975 1599 in
987 1549 1095 1600 secunda
1107 1549 1161 1602 sede
1175 1561 1285 1617 poneret,

137 1621 260 1686 posterior
271 1617 409 1683 dactylum.
452 1619 539 1670 ‘Ictum
551 1619 632 1686 igitur
644 1636 746 1670 carmen
758 1618 785 1670 in
797 1627 848 1671 tres
855 1629 946 1686 partes
959 1619 1089 1671 distribuit
1101 1619 1219 1672 admissis
1229 1632 1286 1689 post

141 1707 163 1742 u.
188 1705 218 1753 13
246 1688 358 1740 uersibus
377 1688 457 1740 decem
481 1686 545 1740 Non
566 1693 657 1739 custos
678 1687 700 1739 si
722 1687 807 1754 fingar
828 1687 872 1739 ilie
895 1689 1144 1741 Cretum—Essem
1161 1696 1190 1742 te
1209 1691 1284 1755 mihi,

140 1758 236 1824 amice,
256 1758 445 1826 quaeritaudO,
463 1760 506 1826 qui
530 1759 557 1810 in
580 1758 701 1810 codicibus
723 1769 779 1826 post
804 1758 902 1811 LVIII.
925 1776 938 1823 5
964 1759 1090 1828 leguntur,
1109 1772 1137 1813 ut
1161 1762 1201 1813 hic
1226 1763 1285 1814 ardo

137 1829 261 1882 euaderet.

213 1916 279 1951 1-12
296 1921 318 1940 =
334 1900 349 1949 6
369 1900 494 1968 strophae.

179 1904 200 2033 l
214 1987 224 2020 1
232 1987 245 2035 3
255 1982 275 2021 ÷
287 1976 323 2023 1⁸.
343 1968 405 2022 Non
419 1976 512 2022 custos
523 1970 544 2021 si
558 1968 639 2038 (ego)
652 1969 737 2036 fingar
752 1993 773 2011 =
791 1987 801 2021 1
817 1973 930 2040 stropha.

213 2045 302 2093 Μ’.
321 2039 385 2094 Non
398 2040 487 2092 Ladas
499 2040 710 2107 ego-medullis
726 2064 748 2082 ==
764 2058 779 2104 7
794 2060 879 2094 uersus
892 2043 1007 2111 dactylici
1019 2044 1194 2095 intercalares.

211 2118 244 2177 9·
259 2116 314 2162 10⁸.
351 2110 388 2162 Et
400 2111 491 2163 multis
503 2110 875 2179 langoribus-quaeritando
891 2136 914 2153 =
931 2131 941 2163 1
956 2114 1071 2182 stropha.

214 2199 309 2245 14-22.
329 2181 423 2234 Tanto
436 2187 464 2234 te
477 2183 505 2234 in
519 2180 761 2250 tastu—particeps
773 2183 882 2236 amoris.

175 2254 228 2306 Hoc
248 2263 276 2306 ut
285 2255 389 2319 faceret
406 2272 449 2305 nec
466 2253 654 2321 spondaicorum
673 2272 791 2306 uersuum
809 2255 1033 2322 dactylicarumque
1050 2254 1198 2307 turbaretur
1216 2256 1284 2320 ordo,

138 2323 222 2376 uideo
234 2336 283 2393 pro
304 2322 359 2374 uidi
379 2325 480 2392 scripsit
497 2325 523 2374 in
542 2342 565 2374 u.
580 2328 604 2388 8,
617 2339 668 2388 ego
686 2334 771 2377 autem
789 2329 816 2376 in
838 2331 867 2375 1⁸
879 2335 938 2392 post
956 2324 978 2375 si
997 2324 1103 2376 addidit.
1145 2326 1213 2377 Idem
1216 2328 1284 2392 fecit

139 2394 289 2448 leutschius
301 2392 397 2460 (Nunt.
410 2394 493 2446 Erud.
508 2393 619 2463 Gotting.
635 2399 700 2458 1855
715 2407 742 2464 p.
760 2393 841 2463 1989)
858 2396 903 2447 sed
917 2406 944 2447 ut
960 2396 1055 2447 reiectis
1073 2395 1153 2447 decem
1172 2396 1283 2448 uersibus

139 2463 203 2517 Non
217 2463 523 2531 custos-quaeritando
530 2465 590 2517 duos
602 2465 732 2533 suppleret,
745 2466 857 2518 alterum
865 2476 923 2534 post
935 2486 959 2518 u.
974 2464 1131 2529 13‚alterum
1141 2477 1196 2534 post
1205 2485 1229 2518 u.
1242 2483 1284 2518 22.

140 2537 292 2589 Schwabius
311 2554 367 2588 cum
384 2535 433 2590 duo
446 2553 541 2604 genera
555 2536 718 2604 stropharum
734 2537 886 2600 admisisset,
898 2537 1009 2589 alterum
1026 2538 1110 2604 inquo
1126 2554 1213 2589 uersus
1226 2555 1283 2590 con·

139 2617 240 2660 tractus
261 2607 358 2673 integro
379 2606 539 2670 antecederet,
560 2605 671 2658 alterum
691 2608 717 2658 in
739 2626 785 2674 quo
803 2607 900 2675 integer
920 2618 1057 2671 contracta·
1070 2608 1145 2676 prius
1159 2627 1239 2676 genus
1257 2610 1284 2661 in

134 2677 264 2746 prioribus
278 2675 386 2745 (1-12),
394 2677 518 2745 posterius
535 2679 562 2729 in
575 2677 754 2745 posterioribus
771 2680 892 2729 carminis
906 2678 1018 2731 uersibus
1031 2680 1140 2731 inueniri
1152 2690 1225 2731 ratus
1237 2690 1283 2731 est.

140 2751 229 2815 Itaque
240 2750 305 2802 hunc
317 2747 426 2799 ordinem
438 2749 538 2800 statuit.

215 2835 279 2871 1-12
295 2840 318 2858 =
332 2818 348 2866 6
367 2820 483 2887 strophae
495 2818 537 2871 ubi
549 2829 692 2870 contractus
705 2818 858 2872 Phalaecius
870 2820 993 2872 antecedit
1004 2820 1110 2888 integro.

214 2906 255 2954 13,
271 2906 301 2952 14
318 2909 340 2928 =
359 2905 369 2939 1
391 2890 495 2957 stropho
506 2890 613 2942 duorum
626 2898 823 2942 contractorum.

213 2964 294 3011 128⁸
308 2981 331 2999 =
347 2965 361 3010 8
375 2978 463 3013 uersus
475 2959 600 3026 dactylici.

211 3037 311 3098 9,·-10ι
328 3053 348 3072 ==
367 3046 378 3081 1
392 3031 497 3098 stropha
508 3030 623 3094 duorum,
636 3030 681 3082 sed
691 3031 870 3098 inaequalium.

214 3117 297 3165 15-22
316 3124 338 3143 =
354 3120 370 3164 4
383 3101 500 3169 strophae
512 3101 553 3153 ubi
565 3104 660 3169 integer
667 3101 816 3170 phalaecius
828 3103 951 3155 antecedit
963 3112 1100 3155 contracto.
1138 3101 1192 3155 Dic
1204 3103 1284 3155 nobI's

139 3172 187 3226 ubi
199 3171 378 3224 sis—amoris.

176 3245 274 3295 Riesius
294 3246 320 3296 in
339 3243 414 3295 Iahn.
437 3243 506 3293 Anu.
527 3240 599 3292 XCI.
622 3258 672 3306 ²99
695 3243 807 3295 uersibus
828 3240 892 3294 Non
911 3242 1218 3310 custos-quaeritando
1235 3262 1284 3295 non

138 3315 268 3377 admissis,
281 3333 355 3367 uersu
366 3322 452 3367 autem
472 3329 487 3376 9
501 3313 538 3363 ita
555 3314 647 3380 scripto
660 3312 753 3365 Auens
771 3318 854 3379 teque
873 3313 987 3366 subinde
1005 3313 1167 3379 flagitabam,
1180 3331 1284 3365 carmen

138 3389 174 3438 sic
185 3385 314 3439 ordinauit

509 3456 565 3482 Μ*
793 3454 873 3489 fib«

302 3509 361 3560 1-7,
468 3498 622 3557 891011
735 3513 764 3547 12
789 3512 871 3559 1314
896 3511 925 3559 15
1036 3495 1118 3545 16-22

473 3564 610 3591 *ps
743 3568 920 3593 eq-.s

140 3620 168 3660 ut
179 3610 206 3660 in
219 3608 371 3672 1-7‚16-22
385 3605 509 3656 contracti
520 3606 652 3658 Phalaecii
659 3608 789 3675 praeirent
801 3609 937 3675 integris,8
950 3615 1035 3657 autem
1047 3605 1187 3673 interpositi
1196 3621 1284 3656 uersus

139 3682 165 3731 iu
184 3678 250 3731 duas
267 3688 352 3745 partes
371 3676 546 3741 diuidereutur,
563 3695 671 3744 quarum
686 3679 760 3746 prior
775 3689 891 3729 externos
909 3694 994 3729 uersus
1015 3675 1051 3742 (8,
1074 3673 1116 3739 11)
1137 3684 1283 3739 contractas,

139 3753 248 3802 internos
265 3745 306 3816 (9,
322 3746 368 3816 10)
381 3748 480 3807 solutos,
488 3750 612 3813 posterior
630 3758 743 3799 externos
764 3746 819 3816 (12,
840 3745 882 3814 15)
902 3746 1001 3811 solutos,
1020 3748 1148 3797 interiores
1169 3745 1223 3813 (13,
1241 3743 1283 3812 14)

138 3829 279 3874 contractos
291 3819 402 3871 haberet.

175 3891 344 3959 Westphalius
358 3901 416 3958 post
434 3912 458 3944 u.
475 3908 504 3956 13
518 3889 637 3942 excidisse
654 3901 732 3941 censet
751 3908 852 3942 uersum
870 3887 1011 3940 huiusmodi
1024 3885 1083 3938 Nec
1101 3891 1130 3938 te
1149 3883 1284 3951 prendere

139 3978 221 4026 nunc,
233 3962 330 4023 amice,
346 3961 463 4028 possim;
482 3982 528 4030 quo
537 3962 614 4026 facto
631 3972 656 4011 et
673 3959 756 4011 uideo
769 3972 818 4029 pro
837 3958 891 4010 uidi
910 3961 1002 4027 scripto
1018 3960 1045 4009 in
1064 3976 1087 4009 u.
1108 3961 1122 4008 8
1137 3969 1186 4025 per
1204 3965 1285 4006 totum

140 4053 243 4086 carmen
256 4043 323 4084 recto
336 4032 420 4085 ordine
434 4052 460 4086 se
475 4032 600 4101 excipiunt
616 4033 738 4082 contracti
751 4030 871 4096 solutique
882 4029 1020 4097 pantaeni,
1034 4028 1185 4096 interpositis
1197 4036 1284 4078 tamen

139 4123 182 4156 sex
203 4104 292 4156 solutis
314 4102 425 4171 (24-29)
445 4103 531 4171 quibus
555 4120 686 4154 cursorum
710 4101 827 4152 uelocitas
845 4100 1015 4167 exprimatur.
1050 4098 1191 4151 Pleitnerus
1210 4097 1284 4151 Stud.

140 4174 237 4226 Catuli.
244 4185 272 4242 p.
287 4188 315 4237 17
328 4193 429 4227 carmen
442 4178 468 4226 in
478 4187 529 4227 tres
538 4184 626 4242 partes
636 4175 671 4223 sic
679 4170 808 4223 distribuit
821 4167 875 4238 (A)
888 4176 983 4221 1“-10“
995 4168 1058 4221 Non
1071 4175 1282 4238 custos-quae·
