2872 5002
460 366 824 430 PROLEGOMENA.
1156 371 1215 430 xlix

73 541 164 601 Codex
185 544 287 605 uarias
307 547 445 608 lectiones
472 550 577 608 multas
605 549 702 623 habet,
724 551 827 628 partim
848 569 935 629 supra
957 552 1087 628 scriptas,
1110 552 1214 628 partim

71 642 94 698 in
112 645 254 718 margine,
269 645 429 723 plerasque,
443 656 475 706 ut
496 648 567 707 mihi
589 666 657 707 cum
671 648 838 707 Woelfflino
861 659 889 709 et
910 648 1069 708 Duebnero
1090 651 1212 722 uidetur,

71 755 122 795 non
147 739 246 798 solum
268 743 374 802 eodem
400 755 540 822 tempore,
563 746 616 805 sed
638 747 743 805 eadem
770 765 859 806 manu
887 758 1025 806 exaratas.
1081 748 1150 806 Dixi
1176 748 1213 806 de

70 836 232 912 antiquitate
246 841 309 900 eius
324 842 353 898 in
368 841 601 919 Prolegomenon
618 844 732 920 paginis
750 845 799 902 xxi
814 864 896 921 sqq.;
919 846 1022 921 quibus
1037 846 1109 904 haec
1124 845 1212 905 addo.

70 931 298 1010 Praepositiones
319 938 432 998 casibus
460 958 548 1016 saepe
574 941 740 1012 cohaerent,
761 951 793 1000 ut
820 945 941 1000 oratiam
967 944 1132 1000 manentiam
1157 961 1211 1019 pro

68 1032 208 1090 malebam
224 1037 255 1092 in
269 1036 395 1109 Andriam,
409 1044 452 1094 ate
472 1040 594 1112 agremr'o
615 1040 730 1114 ritqur'cte
743 1044 797 1096 otte
811 1038 864 1118 (od
873 1037 908 1114 te)
924 1042 1020 1116 agnata
1038 1037 1083 1118 (in
1099 1037 1208 1118 gnata)

65 1130 225 1204 proprietate
241 1135 309 1207 (pro
319 1136 429 1210 pretate)
446 1136 556 1209 anquam
570 1155 652 1210 quam
668 1135 710 1214 (in
730 1134 919 1214 quemquam);
941 1146 978 1207 et,
994 1137 1074 1213 quod
1090 1137 1209 1208 mireriS,

67 1226 94 1281 in
105 1225 184 1286 haud
199 1247 276 1300 raro,
290 1248 502 1309 nonnunquam
510 1238 577 1307 pos!
586 1244 663 1308 epra
671 1234 720 1291 ubi
735 1235 845 1310 primae
860 1235 986 1310 syllabae
1001 1235 1209 1293 adiectiuorum

66 1325 106 1382 uel
129 1324 337 1385 aduerbiorum
365 1340 432 1387 sunt
459 1329 586 1407 ideoque
614 1332 802 1407 sequentibus
831 1331 945 1408 syllabis
977 1332 1208 1408 coniungendae,

66 1434 212 1498 separatae
233 1424 375 1502 leguntur,
396 1437 428 1485 ut
449 1446 511 1484 uere
521 1429 627 1504 gelidos
648 1431 678 1486 in
692 1428 810 1486 &matus
825 1439 880 1504 pro
895 1430 944 1487 telo
965 1432 995 1487 in
1008 1434 1081 1487 tacta
1103 1430 1210 1508 infuso

64 1519 241 1580 lacusancti
269 1524 404 1599 infirmis
431 1527 579 1584 inaurata
617 1529 742 1603 postilla
772 1529 803 1584 in
817 1528 948 1584 mandrita
975 1529 1127 1602 insapiens
1154 1546 1208 1603 pro

64 1635 109 1673 uer
122 1618 240 1694 egelidos
253 1621 401 1680 indomitus
409 1624 512 1698 protelo
526 1625 630 1682 ιἠιὶιιία
644 1625 740 1701 t’nfuso
754 1625 922 1682 rirdisnirctrt
939 1626 1060 1701 infirmis
1074 1628 1208 1683 inaurata

59 1718 168 1792 postr'lla
191 1719 353 1778 r'nmundrits
374 1723 512 1797 insapiens
532 1723 568 1781 cl.
584 1725 726 1798 otpetenti
736 1741 789 1799 pro
811 1726 939 1799 aqaetenti
955 1731 982 1781 el
987 1725 1099 1802 sutura
1114 1744 1167 1802 pro
1180 1745 1209 1783 ec

53 1816 154 1892 fututa
181 1818 213 1875 in
234 1819 432 1895 ambulatz'oqae
452 1839 506 1899 pro
528 1821 764 1897 imminutaque.
807 1820 947 1881 Codicem
974 1823 1036 1898 ipse
1058 1823 1208 1900 diligenter

64 1916 185 1986 excussi,
201 1917 345 1991 quosdam
359 1918 440 1976 locos
454 1919 541 1976 etiarn
555 1919 600 1976 bis
608 1939 615 1989 ;
637 1918 701 1989 alia,
717 1937 792 1995 quae
807 1919 895 1977 dubia
910 1919 1089 1996 reliqueram,
1104 1931 1207 1998 postea

61 2012 223 2090 relegerunt
237 2033 290 2090 pro
304 2033 352 2075 me
366 2016 400 2075 C.
415 2016 452 2074 D.
469 2016 603 2075 Cobham
618 2026 646 2075 et
661 2015 697 2075 G.
716 2017 753 2076 G.
769 2016 942 2075 Markheim.

99 2130 126 2185 3.
161 2110 194 2171 0.
225 2111 440 2173 Canonicianus
470 2133 517 2190 30,
546 2132 624 2171 nunc
658 2115 688 2172 in
720 2113 901 2174 Bibliotheca
934 2115 1096 2175 Bodleiana
1127 2116 1207 2194 apud

61 2208 254 2281 Oxonienses,
277 2212 392 2270 exeunti
413 2230 488 2271 saec.
504 2210 578 2268 XIV
593 2212 762 2288 adsignatus
784 2214 822 2270 ab
844 2211 976 2272 Henrico
990 2212 1028 2272 O.
1040 2213 1131 2284 Coxe,
1143 2214 1206 2272 uiro

59 2308 232 2384 peritissImo
253 2309 396 2367 codicum.
439 2308 683 2369 Membranaceus
697 2320 749 2381 est,
765 2312 888 2389 scriptus
906 2328 940 2386 74
957 2312 1072 2387 paginis
1089 2331 1124 2385 31
1141 2329 1206 2369 uer-

61 2424 154 2477 suum,
176 2407 233 2466 nisi
254 2407 335 2484 quod
363 2408 471 2485 pagina
498 2408 636 2467 uicesima
661 2419 765 2468 octaua
791 2412 829 2467 26
855 2420 968 2468 tantum
989 2408 1084 2479 habet,
1107 2409 1205 2467 relicto

60 2505 152 2580 spatio
174 2505 303 2581 quinque
324 2522 468 2576 uersuum,
483 2516 550 2564 ante
573 2506 661 2566 Collz's
687 2507 713 2565 0
735 2507 889 2565 bellr'com'ei.
933 2505 1059 2564 Vltimae
1082 2507 1206 2581 paginae

60 2601 88 2658 in
104 2603 186 2661 calce
205 2601 344 2680 scriptum
361 2613 404 2662 est
420 2602 517 2661 inrr'to
537 2603 610 2662 libro
630 2607 786 2682 rssramus
803 2607 907 2681 gracia
927 2602 1046 2663 Chrisla
1090 2603 1205 2662 Titulos

60 2700 229 2772 nonhabet,
244 2700 297 2760 sed
311 2701 460 2762 interualla
472 2712 585 2761 tantum
600 2704 766 2776 titulorum;
788 2703 897 2761 adhoc
911 2704 1003 2779 pictas
1014 2703 1108 2761 literas
1123 2720 1204 2778 mag·

59 2812 110 2853 nas
131 2794 162 2853 in
183 2795 265 2854 initio
282 2797 441 2855 canninum
460 2797 557 2868 hasce,
573 2796 586 2854 l
604 2785 679 2878 Qui,
695 2799 725 2856 II
741 2785 861 2867 Passer,
878 2797 983 2856 XXXI
1005 2783 1097 2866 Perre,
1119 2795 1204 2853 LXV

60 2879 139 2964 Etsi,
156 2892 290 2953 vam
310 2881 397 2974 Quo,
413 2894 514 2952 Lxrx
537 2882 624 2968 Nou,
639 2894 765 2954 Lxxrr
775 2881 920 2965 Dicebas,
938 2894 1082 2953 Lxxvu
1101 2880 1203 2967 Rure,

59 2990 171 3050 LXXX
188 2979 284 3072 Quid,
299 2992 458 3051 LXXXIX
474 2979 601 3052 Tellius.
644 2993 740 3052 Etiam
756 3003 822 3052 ante
837 2990 882 3049 IV
898 2990 942 3048 Vl
959 2991 1036 3049 VIII
1054 2991 1205 3069 plngenda

59 3093 149 3152 luerat
173 3112 281 3171 magna
303 3095 399 3167 litera3
436 3095 517 3154 cuius
544 3095 586 3153 rei
612 3094 791 3153 documento
816 3103 861 3152 est
884 3091 1015 3151 relatum
1037 3103 1104 3152 ante
1129 3092 1204 3152 duos

58 3192 166 3267 primos
184 3210 286 3252 uersus
305 3193 447 3270 spatium;
468 3193 546 3252 unde
563 3192 731 3252 factumest
748 3201 779 3249 ut
799 3191 829 3248 in
847 3189 892 3248 his
913 3191 1089 3249 carminibus
1110 3191 1204 3268 prima

55 3289 135 3348 litera
158 3309 262 3351 uersus
286 3291 359 3352 tertii
387 3302 606 3369 ceterorumque
634 3307 726 3364 usque
754 3289 792 3347 ad
819 3289 908 3347 finem
931 3307 948 3346 a
973 3289 1088 3347 sinistra
1109 3291 1203 3366 magis

58 3390 237 3448 scriberetur.
280 3390 450 3467 Plerumque
478 3391 549 3448 mIre
578 3389 722 3449 consentit
753 3405 822 3446 cum
853 3386 1107 3463 Sangermanensi,
1136 3406 1160 3446 e.
1172 3406 1201 3464 g.

30 3548 35 3557 ,
56 3485 150 3544 Litus
169 3494 202 3544 ul
217 3487 270 3546 XI.
294 3507 320 3562 3,
349 3487 447 3546 Verum
468 3489 550 3545 abtrice
563 3488 663 3562 populi
681 3484 805 3544 LXVII.
831 3503 875 3556 ra,
896 3485 927 3542 in
948 3493 1070 3560 unoque
1091 3484 1202 3559 legitur,

55 3585 104 3643 ubi
129 3586 216 3643 ceteri
240 3586 356 3645 codices
384 3587 493 3645 habent
520 3585 606 3642 Litus
628 3586 683 3656 ubi,
719 3583 818 3642 Verum
843 3586 893 3641 isti
914 3583 960 3641 uel
984 3585 1051 3641 istis.
1102 3580 1202 3640 Habet

55 3684 127 3742 haec
149 3684 203 3741 sibi
225 3685 348 3759 propria.
390 3683 505 3744 Omittit
522 3682 632 3741 XXVI.
655 3703 680 3754 a,
699 3682 807 3740 LXIV.
825 3701 892 3756 33ο,
913 3684 1061 3755 379-382,
1076 3678 1200 3737 LXVII.

58 3801 90 3839 21
116 3779 298 3857 Languidior
318 3788 409 3839 tenero
431 3783 479 3838 cui
492 3783 609 3857 pendens
631 3782 722 3838 stralo
744 3781 810 3849 bela,
830 3778 970 3837 LXVIII.
994 3781 1029 3835 16
1052 3776 1202 3833 Iucundum

54 3900 113 3938 cum
135 3887 211 3938 aetas
222 3880 331 3954 stort'da
353 3899 402 3937 uer
423 3887 521 3957 ageret,
544 3880 593 3954 qui
615 3879 673 3936 duo
695 3896 795 3936 uersus
817 3879 846 3934 in
868 3877 970 3935 ceteris
992 3874 1140 3932 codicibus
1157 3875 1201 3932 bis

53 3979 198 4056 leguntur,
213 3981 290 4054 prior
309 3980 338 4037 ln
360 3980 426 4037 loco
444 3997 497 4037 suo
515 3989 543 4035 et
561 3989 629 4052 post
650 3978 756 4036 LXIV.
779 3978 845 4051 386,
867 3976 937 4033 alter
958 3976 988 4031 in
1009 3973 1075 4031 loco
1098 3990 1152 4030 suo
1173 3982 1202 4031 et

53 4089 121 4155 post
143 4077 283 4136 LXVIII.
307 4100 353 4152 49,
375 4079 404 4135 in
426 4076 451 4134 0
472 4076 561 4134 semel
583 4086 695 4134 tantum
717 4086 745 4134 et
765 4077 794 4133 in
818 4074 885 4132 sede
908 4091 996 4148 quam
1018 4072 1076 4129 dixi
1098 4070 1200 4130 aliena.

53 4177 155 4236 Habet
183 4194 283 4233 uersus
312 4195 339 4248 3,
369 4199 386 4248 4
411 4176 545 4234 carminis
574 4174 661 4233 XCII
688 4173 746 4245 Quo
774 4175 877 4248 signo?
911 4172 977 4246 quia
1004 4177 1071 4226 sunt
1096 4172 1201 4228 totidem

53 4295 121 4333 mea.
147 4273 288 4349 Deprecor
310 4276 387 4332 allam
412 4274 539 4346 Asseilue,
562 4292 658 4331 uerum
681 4275 828 4347 dripercam
854 4272 913 4327 nzii
933 4288 1002 4339 ama,
1025 4269 1073 4345 qui
1095 4269 1200 4328 absunt
1258 4325 1260 4328 .

53 4376 140 4434 etiarn
163 4391 181 4431 a
205 4371 241 4444 G,
264 4373 452 4432 Lachmanno
477 4383 574 4432 autem
595 4374 632 4431 ab
658 4373 737 4429 Italis
761 4387 798 4428 ex
824 4368 918 4427 Gellio
940 4366 991 4447 (N.
1013 4367 1049 4426 A.
1071 4367 1124 4427 Vl.
1151 4365 1199 4447 16)

619 4489 636 4529 Ε
