2872 5002
541 362 901 425 PROLEGOMENu
1267 364 1296 422 lv

163 549 325 609 eruditissimi
351 548 418 606 viri
441 546 539 607 Iacobi
565 546 682 606 Cuiacii
705 565 759 604 non
789 544 879 605 Caius
909 547 959 603 sed
988 544 1109 616 Quintus
1128 558 1294 623 praenomen

162 654 290 707 exoratum
305 654 349 705 est
371 691 377 705 .
400 691 407 704 .
430 689 437 703 .
460 691 466 704 .
507 645 602 703 Porro
629 644 699 701 liber
726 644 772 701 ille
798 663 864 718 quo.
879 646 928 701 usi
954 664 1050 703 sumus
1080 647 1208 720 cuiusque
1237 647 1294 703 ram

160 746 430 821 meteonemfeeemus
444 745 522 820 longe
534 743 605 800 oleos
618 742 703 799 lutus
715 749 808 817 poetae
821 745 1021 819 manuscriptos
1036 742 1152 800 bonitate
1165 753 1295 818 superare

159 843 342 901 nele'videtur.
387 841 499 899 XXIX.
515 845 533 898 8
547 839 613 916 Ego
626 859 709 915 quum
732 841 871 898 Valentiae
888 840 1034 900 Cauarum
1050 839 1205 919 (Valence)
1220 841 1294 899 lunc

156 943 226 998 hum
245 943 369 1016 scriptae
382 942 502 999 lectrom's
510 941 708 1016 perpenderem,
723 942 866 996 succurrit
872 952 949 1016 posse
962 940 1024 1015 legi.
1068 939 1140 996 Aret
1158 939 1295 997 albulus

153 1037 310 1097 columbus
329 1046 392 1096 aut
409 1038 570 1097 Adoneus.
613 1037 712 1113 Itaque
725 1038 843 1095 nondum
862 1057 904 1094 me
916 1040 974 1095 eius
994 1038 1164 1094 coniecturae
1171 1039 1293 1112 poenitet.

152 1136 225 1196 ldem
239 1138 271 1196 in
286 1136 507 1195 Commentario
522 1135 609 1212 Prop.
629 1154 652 1194 1.
670 1154 715 1193 eo.
735 1154 769 1193 ra
799 1134 954 1194 haecdicit
982 1134 1045 1193 Nos
1058 1136 1122 1192 olim
1158 1134 1295 1193 Velentrae

152 1234 292 1294 Cauarum
307 1234 360 1292 ubi
371 1237 473 1309 sere'pti
482 1233 630 1309 librifece't
640 1233 717 1292 nobis
733 1234 837 1309 coptam
851 1231 1094 1307 Iuresprudcntiae
1106 1233 1219 1290 ante'stes
1232 1232 1292 1290 Iac.

152 1332 292 1404 Curatius,
316 1333 518 1390 emendavimus
542 1332 585 1389 alr
607 1330 745 1406 Dryosin.
787 1329 825 1390 Et
849 1331 886 1389 ad
908 1330 994 1407 Prop.
1019 1351 1048 1409 p.
1068 1332 1133 1388 168.
1173 1329 1213 1388 In
1240 1349 1293 1388 uno

148 1433 343 1506 manuscripto,
358 1432 437 1488 curus
456 1433 560 1505 copiam
582 1430 658 1487 nodis
667 1430 747 1506 jecit
758 1431 932 1487 elorrisimees
944 1427 1005 1487 Iac.
1023 1426 1164 1498 Cueace'ees,
1183 1427 1293 1486 ll'tulus

147 1530 212 1586 idem
230 1536 373 1605 conceptus
390 1536 436 1600 est,
452 1531 512 1587 rtem
530 1536 557 1586 et
575 1530 605 1586 in
624 1531 748 1604 antiquis
764 1527 935 1598 editionibus,
956 1528 1006 1585 loe
1024 1546 1078 1585 uno
1097 1535 1206 1603 excepto
1224 1527 1297 1602 quod

146 1627 380 1687 Nautaeolterum
386 1649 527 1706 cognomen
538 1630 586 1687 elli
592 1629 755 1687 attribuunt.
777 1627 825 1685 Ita
833 1630 905 1685 enim
913 1629 1046 1686 scribitur
1052 1650 1063 1687 .·
1079 1626 1158 1687 Sex.
1169 1629 1296 1686 Aureli

146 1725 310 1803 Properti
320 1727 456 1786 Nautae
470 1726 670 1786 monolillos
683 1727 727 1784 ad
737 1725 921 1798 Cynthium.
960 1727 1043 1785 Idem
1057 1726 1095 1784 ad
1109 1725 1177 1784 Tib.
1192 1745 1220 1804 p.
1236 1745 1289 1785 111

146 1825 179 1884 de
194 1826 305 1885 Tibulli
320 1826 423 1885 codice
436 1825 508 1884 haec
523 1824 600 1884 dicit.
642 1825 741 1882 Hueies
755 1832 848 1900 poetae
866 1844 896 1881 ea
916 1826 1007 1882 omne'o
1021 1833 1148 1900 quotquot
1159 1827 1189 1882 in
1202 1824 1293 1883 Italia

144 1931 249 1994 extant,
264 1925 447 1999 exemplaria,
461 1925 612 1981 recentiora
626 1930 698 1995 sunt,
714 1943 797 1999 quom
819 1931 851 1980 eet
865 1925 937 1980 enter
951 1929 1067 1981 vetustos
1085 1923 1171 1981 libros
1189 1925 1296 1982 censeri

144 2020 260 2079 debeant.
282 2022 348 2096 quin
369 2028 551 2079 correctorum
572 2021 691 2078 audacia
712 2023 801 2078 multa
816 2021 993 2095 perabsurdo
1014 2020 1072 2078 illis
1088 2023 1207 2079 admista
1220 2028 1292 2080 sunt.

144 2117 293 2176 Eiusmodi
309 2139 393 2176 unum
415 2119 544 2177 videmus.
564 2119 643 2176 cuius
663 2121 767 2194 copiam
787 2118 865 2176 nobis
875 2120 952 2197 feeit
974 2117 1055 2175 Iuris
1075 2121 1293 2177 consultissimus

142 2215 259 2275 Iacobees
283 2216 426 2276 Cueoceies.
469 2215 570 2276 Sedet
588 2218 703 2274 mele'ora
723 2217 855 2291 quaedam
876 2219 906 2274 in
927 2235 963 2288 eo,
989 2236 1072 2292 quom
1094 2217 1151 2275 alii
1172 2221 1202 2275 in
1223 2221 1291 2290 suis,

143 2316 305 2373 enaemmus.
347 2315 443 2392 Neque
448 2322 517 2391 puto
531 2317 667 2373 meliorem
687 2315 790 2372 librum
805 2335 832 2373 eo
847 2314 924 2372 hodic
936 2321 1036 2373 extare
1045 2337 1056 2374 :
1078 2335 1144 2374 nam
1161 2319 1292 2390 quaedam

142 2414 223 2469 ettam
237 2415 380 2472 vetustates
394 2416 492 2472 retinet
503 2415 628 2489 vestigia,
637 2433 721 2489 quum
728 2414 816 2489 paulo
830 2420 892 2470 arete
913 2415 1048 2470 ineuntem
1068 2415 1292 2490 typographicam

143 2518 229 2568 ortem
244 2514 364 2588 scriptus
377 2513 434 2570 sit:
456 2519 482 2569 et
501 2513 619 2569 nondum
640 2519 825 2570 correctorum
846 2511 968 2569 audacia
989 2512 1028 2567 ita
1046 2512 1156 2568 licenter
1172 2514 1203 2568 in
1217 2511 1292 2569 bonis

143 2608 299 2668 emunda
306 2618 520 2687 perungeretur.
564 2609 642 2668 Hinc
661 2610 804 2686 colligitur
824 2608 953 2685 Scaliger
973 2626 991 2664 a
1010 2608 1131 2666 Cuiacio
1145 2610 1292 2686 accepisse

144 2706 289 2766 Catullum
311 2706 492 2784 Propertium
507 2707 657 2766 Tibullum
674 2726 764 2767 manu
779 2709 902 2783 scriptos
910 2727 919 2779 ;
941 2706 1084 2765 eodemne
1099 2709 1129 2763 in
1144 2707 1292 2765 uolumine

144 2821 181 2862 an
203 2805 327 2864 seorsim
351 2807 414 2883 ipse
436 2824 497 2865 non
524 2807 601 2877 dicit,
624 2807 676 2865 sed
698 2808 872 2865 coniunctos
894 2805 982 2863 luisse
1009 2815 1038 2863 et
1058 2805 1125 2863 hinc
1149 2805 1292 2882 arguerim

144 2902 225 2980 quod
248 2902 396 2963 Catullum
423 2914 452 2963 et
475 2904 655 2980 Propertium
680 2922 739 2962 una
767 2904 835 2980 legit
860 2904 1011 2962 Valentiae
1034 2901 1186 2974 Cauarum,
1211 2912 1240 2961 et
1262 2903 1292 2961 id

142 3001 239 3076 ipsum
254 3000 400 3060 declarant
414 3001 598 3077 Scaligerana
617 3002 711 3077 prima
726 3019 777 3060 su.
795 3001 910 3077 Lingua
921 3002 938 3059 ¹.
982 3002 1047 3060 Iam
1061 3002 1085 3059 si
1099 3002 1205 3060 eodem
1220 3012 1292 3059 tem·

142 3115 213 3175 pore
229 3086 358 3176 scriptus
367 3099 419 3158 luit
430 3099 560 3159 Catullus
572 3118 632 3176 quo
643 3099 785 3170 Tibullus,
800 3100 1015 3159 recentissimus
1030 3100 1125 3159 codex
1139 3099 1199 3171 suit,
1210 3101 1293 3176 quod

144 3197 259 3274 egregie
277 3198 412 3274 congmit
430 3216 498 3255 cum
519 3209 636 3270 nostro;
663 3215 774 3255 annum
796 3197 875 3255 enim
892 3197 939 3255 hic
954 3208 1086 3256 notatum
1100 3198 1188 3257 habet
1206 3201 1291 3273 1⁴⁶7·

143 3294 201 3353 Sed
219 3305 248 3353 et
261 3307 358 3354 cetera
375 3295 519 3355 simillima
533 3306 606 3355 sunt.
650 3294 705 3354 Est
724 3295 802 3353 enim
821 3294 914 3353 codex
936 3296 983 3354 hic
1005 3306 1103 3354 noster
1117 3297 1179 3354 siue
1195 3296 1293 3372 potius

142 3391 278 3452 Heurici²
292 3393 378 3451 Alani
394 3391 431 3473 (is
444 3394 521 3452 enim
535 3395 605 3452 emit
619 3393 877 3470 commodauitque
891 3394 927 3451 A.
936 3393 1092 3467 Palmerio)
1108 3394 1291 3452 membrana·

141 3507 217 3548 ceus.
241 3490 382 3550 Continet
395 3490 577 3568 Propertium
589 3491 739 3550 Tibullum
750 3492 897 3551 Catullum
910 3491 1037 3551 Carmen
1050 3491 1087 3550 ad
1102 3491 1291 3549 Theotimum

172 3634 182 3665 ¹
197 3637 286 3684 Nullus
297 3647 329 3684 cst
344 3638 368 3684 in
376 3647 476 3685 ueterum
486 3638 599 3686 librorum
609 3638 731 3686 collatione
741 3639 843 3700 Josepleo
854 3639 975 3701 Scaligero
983 3639 1109 3700 expeditior
1117 3653 1144 3683 ac
1152 3637 1289 3696 promptior,

138 3729 165 3767 ut
182 3721 207 3767 in
225 3720 302 3766 codice
321 3720 409 3766 Catulli
431 3719 516 3767 Tibulli
535 3721 654 3782 Propertii
676 3722 831 3781 manuscripto
850 3720 928 3783 illique
946 3736 960 3766 a
980 3721 1081 3767 Domino
1106 3718 1202 3765 Cuiacio
1224 3721 1291 3764 misso

138 3803 264 3860 admovi,
282 3817 348 3863 quem
366 3804 428 3848 intra
445 3804 501 3849 duos
519 3812 560 3848 aut
576 3812 620 3850 tres
637 3803 671 3848 ad
685 3818 800 3849 summurn
817 3804 864 3850 dies
880 3819 931 3850 eum
948 3803 995 3849 suis
1011 3802 1113 3849 contulit.
1147 3801 1198 3846 Hoc
1215 3808 1291 3845 autern

137 3885 256 3945 exemplar
267 3884 404 3944 descriptum
416 3894 465 3930 erat
476 3900 537 3931 anno
549 3886 644 3931 Domini
657 3883 720 3948 1469
732 3886 887 3947 Nemausique
898 3902 913 3931 a
925 3887 993 3934 Dom.
1007 3885 1102 3932 Cuiocio
1119 3885 1234 3929 iuventam
1251 3891 1288 3930 est.

137 3966 179 4012 llis
203 3980 251 4010 uon
268 3966 336 4011 nimis
353 3966 501 4012 insistendum
522 3982 569 4012 esse
592 3977 697 4027 apparet;
716 3982 768 4012 narn
792 3984 834 4014 nec
854 3969 991 4031 Scaligerum
1012 3967 1099 4012 duobus
1120 3965 1156 4010 uel
1174 3966 1244 4010 tribus
1261 3965 1290 4010 ad

136 4062 253 4093 summum
271 4048 349 4093 diebus
367 4048 470 4094 codicem
487 4048 616 4105 contulisse,
636 4064 678 4094 nec
695 4050 768 4108 ipsum
786 4051 891 4096 codicem
908 4051 1020 4096 Nemausi
1034 4048 1150 4108 (Nismes)
1163 4047 1289 4103 inuetitum,

135 4128 180 4176 hoc
198 4130 283 4176 iudicio
297 4131 366 4177 fretus
383 4133 546 4186 numerarim,
573 4146 645 4191 neque
664 4133 685 4177 in
704 4146 732 4176 eo
750 4132 835 4178 haereo
853 4133 916 4192 quod
932 4131 1037 4194 Scaligeri
1056 4132 1129 4175 codex
1146 4143 1207 4174 antro
1227 4125 1289 4191 1469

135 4214 231 4272 scriptus
242 4213 331 4268 dicitur,
344 4222 420 4259 noster
439 4212 502 4274 1467
515 4228 568 4272 prae
580 4228 602 4259 se
615 4214 666 4260 lert.
700 4214 741 4260 Sed
759 4214 817 4261 haec
831 4216 909 4259 onmia
927 4213 989 4274 quasi
1008 4211 1035 4260 lu
1052 4209 1117 4271 τύπῳ
1134 4225 1187 4258 uera
1199 4209 1289 4262 habeor

137 4293 189 4339 uide
200 4309 258 4354 quae
271 4294 353 4340 dehac
366 4309 390 4341 re
402 4295 514 4355 disputaui
528 4295 550 4340 in
563 4295 722 4342 Hermathena
736 4297 777 4344 Ill.

173 4377 183 4402 ²
200 4376 264 4423 Idem
276 4377 364 4436 scripsit
376 4378 548 4424 emendationes
561 4379 582 4424 in
597 4377 688 4425 liuium
699 4387 723 4425 et
734 4380 880 4426 Frontonem.
