2872 5002
527 336 891 399 PROLEGOMENA.
1224 334 1282 395 lxiii

153 527 219 585 menti
304 525 463 600 leuiterque
478 531 583 582 sonant
666 521 739 580 Ase
754 521 877 597 quisque
960 519 1035 597 parit
1049 517 1135 577 flores
1225 518 1282 576 Mi·

152 625 226 683 nosim
365 622 525 682 Nonacrias
651 620 787 696 lentaque
803 636 900 679 sorore
1030 618 1165 677 uestitum
1179 617 1282 676 fronde

150 722 207 780 mis
311 719 432 779 Pallada
537 719 567 777 Is
582 737 688 795 corpus
790 717 918 793 undique
933 725 1030 792 quest)
1137 734 1283 794 purpurea

148 826 277 878 emineret
291 819 367 878 hora
448 816 558 876 Dextra
639 817 765 893 equabat
779 833 877 874 morsa
961 814 1019 873 leni
1032 813 1146 873 fuerant
1234 832 1283 873 ca-

147 918 227 978 dentis
328 935 395 976 curn
410 915 551 975 clarisona
644 914 783 974 Carmina
796 914 887 994 pridie
981 913 1189 989 Epitalamium
1202 914 1283 972 The·

136 1015 198 1073 'tidis
211 1025 242 1074 et
256 1013 338 1073 Pelei
404 1013 504 1073 Decus
519 1017 582 1087 (om.
598 1013 639 1086 Ο)
708 1012 796 1072 Nulla
810 1011 1013 1071 domus-fusi
1028 1032 1078 1070 om.
1148 1013 1285 1089 preuertit

144 1124 233 1173 tenero
319 1113 407 1171 teucri
491 1112 521 1169 in
535 1112 663 1169 cinerem
743 1115 896 1189 precernes
981 1115 1148 1186 prosternes
1162 1128 1286 1186 corpora

142 1212 308 1270 madescent
447 1218 582 1285 optantes
603 1207 692 1266 animi
821 1216 888 1283 post
907 1210 966 1282 386
988 1206 1167 1284 Languidior
1187 1216 1286 1266 tenera

141 1311 181 1370 cui
200 1308 317 1386 pendes
338 1307 427 1367 sicula
447 1309 515 1366 beta
610 1306 769 1385 pcumbere
791 1325 890 1365 currus
984 1307 1071 1384 pnasi
1167 1314 1287 1365 seuocat

139 1417 163 1466 et
260 1405 361 1466 dulces
382 1422 530 1464 musarum
627 1402 715 1462 Mens
736 1403 889 1463 hominum
984 1416 1033 1462 tua
1054 1405 1143 1462 uerba
1164 1405 1287 1480 loquen-

138 1517 193 1565 tem
282 1514 313 1563 at
326 1513 403 1563 certe
492 1504 588 1580 legam
674 1501 796 1562 Daulias
886 1520 1006 1578 gemens
1020 1501 1132 1578 prothei
1223 1500 1287 1560 Nec

140 1605 218 1664 Hinc
232 1612 337 1663 manat
350 1612 418 1662 nate
534 1609 705 1677 opscuretur
820 1601 922 1659 ceteris
937 1601 1039 1677 sydera
1156 1600 1288 1660 sublimia

137 1723 208 1764 saxa
222 1702 340 1778 negans
448 1700 511 1777 giro
527 1700 648 1758 deuoret
756 1698 853 1758 celesti
868 1717 987 1758 munere
1094 1699 1191 1758 Ebore
1205 1699 1288 1757 niseo

140 1801 264 1860 Vastum
278 1800 332 1859 iter
346 1798 384 1857 ad
468 1797 571 1856 iuerint
664 1796 790 1856 iuisente
880 1797 919 1856 Et
932 1807 963 1856 tu
977 1816 1039 1857 non
1125 1797 1182 1857 Sed
1196 1797 1289 1856 fratris

139 1917 217 1958 nunc
231 1908 297 1958 toto
378 1906 465 1973 atque
479 1914 536 1973 ego
551 1906 627 1954 certe
707 1902 839 1973 &parua
914 1898 1133 1974 magnanimam
1210 1896 1290 1974 quod

141 2016 200 2057 non
223 1996 325 2055 sortior
345 2005 394 2054 aut
413 1995 449 2053 sit
470 1994 522 2053 alis
632 1994 662 2052 Si
683 1994 807 2053 reditum
828 1994 980 2054 audissetis
1002 2005 1051 2054 aut
1165 2010 1290 2073 prupere

142 2112 269 2170 cumque
283 2094 417 2152 iuuentus
507 2111 542 2152 ac
556 2092 622 2152 ferri
637 2093 770 2168 frangere
857 2095 972 2153 asinoes
987 2094 1111 2154 claridos
1125 2094 1184 2153 ales
1198 2112 1291 2171 equos

143 2193 343 2269 famulumque
443 2191 549 2251 Gracia
564 2191 715 2267 canopicis
817 2190 856 2249 Ni
872 2191 910 2250 dii
924 2192 963 2250 ibi
978 2193 1059 2252 uario
1074 2211 1111 2252 ne
1127 2193 1222 2252 solum
1237 2194 1292 2251 sub

142 2293 230 2351 limite
245 2291 299 2351 celi
391 2289 554 2349 Viridulum
569 2309 586 2347 a
600 2290 689 2347 fluctu
780 2290 887 2365 templa
902 2290 988 2350 diane
1079 2292 1152 2350 iusta
1167 2291 1292 2350 licaonia

142 2391 206 2450 Lux
223 2400 273 2449 aut
286 2407 360 2448 cane
374 2387 453 2447 thetii
468 2389 586 2447 restituo
662 2387 752 2446 affore
767 2405 883 2464 semper
897 2389 1009 2448 Abfore
1085 2398 1187 2465 optato
1201 2406 1291 2465 quern

143 2489 235 2548 iunxit
351 2488 506 2545 unanimos
622 2486 736 2544 detecta
852 2486 931 2545 Illius
944 2487 1021 2545 mala
1036 2487 1115 2545 dona
1129 2487 1200 2546 leuis
1213 2488 1293 2545 bibat

144 2589 223 2647 festis
236 2586 405 2645 numinibus
498 2585 601 2643 uestris
616 2602 676 2643 non
690 2602 754 2643 esse
768 2590 820 2642 tud
835 2603 883 2642 me
977 2584 1091 2661 ydrunti
1184 2585 1293 2661 fulgere

146 2703 312 2745 oromenon
369 2760 373 2767 ι
454 2683 500 2741 cui
522 2682 629 2741 credita
650 2701 729 2741 nunc
750 2702 815 2741 sum
955 2682 1066 2741 Verum
1087 2683 1172 2741 huius
1193 2684 1294 2760 populi

145 2785 233 2842 ianua
247 2782 372 2861 qreficit
467 2781 620 2857 Nusquam
635 2799 666 2840 se
762 2791 828 2839 nate
842 2781 968 2840 uiolasse
1063 2792 1141 2841 tecto
1154 2781 1295 2857 flagrabat

147 2881 184 2941 Et
199 2880 365 2958 quarendus
380 2898 395 2937 z
409 2879 488 2937 unde
597 2897 717 2938 narrans
833 2887 955 2938 mixerat
1071 2879 1181 2939 domini
1194 2879 1295 2938 lumen

148 2983 251 3040 abesse
327 2979 378 3038 sed
393 2977 447 3036 hec
479 3056 483 3064 Ι
521 2977 618 3036 audiui
701 2978 795 3037 solam
809 2978 936 3037 consiliis
1027 2978 1116 3036 mittis
1130 2978 1294 3054 epistolium

149 3078 332 3154 Naufragum
414 3077 533 3151 ingnota
546 3075 703 3134 incomoda
717 3076 785 3133 mali
867 3085 951 3152 turpe
966 3074 1080 3136 Catullo
1161 3075 1296 3152 tepasecit

149 3177 185 3235 ld
198 3175 267 3234 mali
358 3175 453 3249 magis
467 3175 603 3232 miserum
618 3182 661 3232 est
753 3173 849 3232 mulits
942 3174 1002 3232 noll
1095 3174 1164 3234 satis
1178 3175 1296 3251 ingenio

148 3267 277 3366 §sallitis
378 3284 455 3333 certa
468 3272 602 3349 loquatur
617 3290 690 3330 anus
793 3272 938 3333 Omnibus
953 3273 1040 3350 inque
1054 3273 1125 3333 locis
1140 3274 1298 3333 celebretur

149 3373 229 3432 fama
250 3371 353 3447 sepulti
503 3370 719 3447 Noctescatque
870 3372 981 3432 oetheis
1002 3373 1109 3431 maulia
1130 3372 1297 3448 tennopylis

149 3470 257 3530 malula
271 3469 340 3528 fletu
441 3467 577 3528 Cessaret
679 3470 806 3529 Leuibus
912 3472 1064 3548 implorata
1173 3471 1298 3528 manlius

151 3569 290 3629 auxilium
381 3567 606 3625 Prothesilaeam
696 3568 843 3628 laodomia
928 3570 1075 3628 ramnusia
1161 3567 1236 3640 Quis
1257 3576 1298 3626 te·

152 3685 232 3726 mere
328 3666 414 3723 ieuna
510 3665 643 3724 deficeret
735 3686 845 3726 nouum
936 3666 1007 3725 Non
1022 3678 1083 3725 tum
1099 3666 1200 3724 helene
1215 3677 1299 3740 raptu

152 3767 293 3842 primores
308 3763 479 3822 achiuorum
582 3782 691 3839 europe
707 3766 823 3840 asieque
928 3765 995 3838 Que
1010 3775 1088 3823 uetat
1103 3763 1132 3821 id
1232 3762 1299 3833 Que

153 3883 231 3922 nunc
247 3874 305 3921 tarn
396 3862 494 3923 ,simul
509 3863 635 3938 undiquc
739 3864 828 3935 Quod
844 3865 893 3922 tibi
909 3873 970 3921 tum
985 3883 1055 3923 casu
1165 3862 1299 3939 cylenum

133 3963 212 4021 -cesi
227 3972 364 4020 tereretur
455 3960 514 4031 Qui
530 3963 628 4020 diuum
645 3963 787 4021 domitum
874 3981 968 4039 neque
983 3973 1068 4021 tonsa
1083 3979 1181 4019 carum
1272 3971 1301 4020 et

154 4080 228 4120 cano
244 4061 398 4119 uoltarium
461 4071 491 4117 tu
506 4061 610 4119 horum
672 4061 781 4120 eflauo
837 4062 905 4133 Qua
920 4064 1148 4119 circumcursans
1164 4059 1219 4118 huc
1235 4059 1301 4117 illuc

154 4160 325 4235 flagrantem
342 4161 521 4235 quottidiana
583 4163 679 4236 Atque
695 4182 748 4220 nec
765 4163 838 4220 diuis
853 4162 987 4219 homines
1002 4177 1179 4235 componere
1194 4177 1301 4234 equum

155 4268 198 4316 est
281 4258 382 4316 dextra
464 4259 650 4336 Fragrantem
737 4262 766 4320 id
782 4262 864 4319 datur
879 4259 943 4317 unis
959 4258 1055 4331 Quem
1071 4257 1166 4333 lapide
1181 4257 1228 4316 illa
1242 4258 1303 4315 dies

157 4357 323 4415 candidiore
339 4368 420 4416 notat
523 4360 585 4434 ipsa
607 4359 637 4417 in
659 4378 716 4436 qua
826 4378 882 4436 que
902 4358 971 4415 uiua
1083 4356 1185 4415 Nescit
1206 4375 1304 4416 amare

157 4453 317 4513 labefactos
420 4476 473 4534 pro
488 4457 602 4517 luciduli
707 4475 762 4533 que
778 4458 826 4514 tibi
843 4456 929 4514 fertur
1033 4456 1062 4514 si
1078 4474 1136 4533 qua
1150 4456 1212 4514 uiro
1226 4455 1303 4514 bello
