2872 5002
413 329 641 390 CARMINVM
670 330 859 391 CATVLLI.
1155 337 1215 394 285

66 493 181 556 Catullo
195 495 344 557 Phasellus
358 499 465 558 fecerit.
509 511 529 556 n
544 505 564 567 β
585 499 667 559 locos
688 510 821 559 recenset
835 504 889 568 Ββ
907 518 958 576 per
976 511 1048 578 quot
1065 499 1135 560 sreta
1155 519 1216 578 quo

65 598 148 656 caelo
157 616 165 670 3
189 597 314 673 denique
330 609 352 655 Α
365 624 384 673 γ
397 599 522 658 natalem
546 599 644 658 locum
664 598 805 676 Cytorum
823 608 1041 671 commemorat,
1057 610 1076 655 u
1090 624 1109 674 γ
1122 600 1217 659 Bena-

66 713 143 765 cum,
165 696 298 755 ultimum
326 706 483 758 secessum.
535 698 617 756 Vidit
637 697 713 758 hanc
739 701 897 772 συμμετρίαν
921 699 1043 774 scriptor
1070 699 1218 774 parodiae,

65 812 190 871 eamque
218 797 257 854 ita
278 798 403 856 seruauit
424 807 455 855 ut
476 814 530 875 pro
553 797 696 857 duodenis
724 799 857 858 uersibus
885 797 1021 856 undenos
1042 797 1072 854 in
1096 808 1216 874 utraque

65 902 147 970 parte
175 894 337 966 collocaret,
367 906 464 973 partes
492 915 554 955 non
582 906 614 955 ut
642 897 773 957 Catullus
801 897 959 974 aequaliter
987 895 1135 968 diuideret,
1164 897 1218 955 sed

66 993 193 1068 priorem
207 1010 259 1067 per
274 1009 343 1066 524,
359 993 477 1054 alteram
493 1013 545 1071 per
561 1009 628 1070 533.
671 994 798 1054 Carmen
813 995 957 1071 integrum
972 994 1093 1052 subicio.

190 1189 211 1231 Α
226 1200 242 1231 α
285 1177 410 1236 Sabinus
432 1177 477 1236 ille
499 1197 586 1254 quem
607 1178 720 1249 uidetis,
743 1177 882 1256 hospites,

283 1276 333 1334 Ait
353 1276 442 1336 luisse
462 1277 553 1336 mulio
575 1277 749 1348 celerrimus,

284 1372 389 1450 Neque
410 1374 495 1433 ullius
517 1375 641 1432 natantis
663 1375 804 1449 impetum
825 1374 878 1432 cisi

288 1471 433 1549 Nequisse
454 1471 616 1548 praeterire,
638 1472 700 1530 siue
721 1470 874 1531 Mantuam

286 1568 370 1646 Opus
391 1569 465 1628 foret
485 1569 585 1631 uolare
607 1569 669 1627 siue
691 1567 827 1627 Brixiam.

230 1722 251 1783 β
291 1717 477 1795 Neque'hoc
497 1730 585 1796 negat
607 1718 774 1794 Tryphonis
796 1717 902 1777 aemuli
925 1719 1046 1778 domum

290 1814 408 1890 Negare
429 1815 567 1886 nobilem,
588 1813 752 1874 insulamue
773 1814 897 1887 Caeruli,

230 1986 249 2036 γ
285 1963 344 2022 Vbi
365 1965 417 2022 iste
439 1975 507 2042 post
529 1964 661 2035 Sabinus,
683 1973 749 2022 ante
771 1962 911 2035 Quinctio

285 2061 407 2119 Bidente
429 2061 498 2119 dicit
519 2070 664 2120 attotonse
685 2059 796 2136 forcipe

285 2157 411 2217 Comata
432 2157 515 2228 colla,
537 2174 634 2232 nequa
656 2156 805 2216 sordidum
826 2158 897 2234 iugo

286 2255 437 2313 Premente
459 2255 531 2314 dura
552 2254 657 2316 uolnus
678 2255 775 2315 ederet
795 2255 873 2313 iuba.

190 2414 240 2459 Ba
282 2401 429 2461 Cremona
450 2402 552 2479 frigida
573 2415 601 2462 et
621 2403 716 2463 lutosa
737 2402 832 2463 Gallia

284 2501 352 2559 Tibi
373 2501 446 2560 haec
467 2501 555 2561 fuisse
577 2512 605 2562 et
626 2521 691 2562 esse
713 2501 913 2580 cognitissima

284 2599 334 2657 Ait
356 2598 499 2658 Sabinus:
521 2599 622 2659 ultima
643 2617 679 2660 ex
701 2601 814 2676 origine

286 2696 354 2754 Tua
375 2698 488 2756 stetisse
510 2697 580 2756 dicit
600 2699 631 2756 in
652 2697 792 2774 uoragine

286 2795 355 2854 Tua
375 2795 405 2852 in
427 2795 534 2872 palude
556 2797 706 2873 deposisse
728 2797 874 2868 sarcinas3

229 2950 250 3009 β
288 2944 327 3003 Et
343 2945 417 3004 'inde
439 2955 482 3004 tot
503 2963 554 3021 per
576 2947 706 3005 orbitosa
728 2944 809 3002 milia

286 3044 393 3119 Iugum
415 3043 522 3115 tulisse,
543 3043 627 3102 laeua
648 3043 709 3102 siue
731 3043 850 3102 dextera

285 3141 412 3219 Strigare
433 3143 521 3213 mula,
544 3143 605 3201 siue
627 3142 761 3217 utrinque
783 3151 927 3217 coeperat.

230 3313 249 3363 γ
289 3290 395 3368 Neque
415 3291 473 3351 ulla
493 3301 563 3351 uota
584 3290 764 3350 semitalibus
785 3290 848 3349 deis

285 3387 347 3448 Sibi
368 3409 432 3449 esse
455 3391 539 3462 faeta,
560 3399 675 3466 praeter
696 3388 754 3449 hoc
777 3389 979 3460 nouissimum,

250 3528 253 3535 .
286 3486 410 3545 Paterna
430 3489 500 3560 lora,
522 3488 747 3564 proximumque
769 3487 924 3564 pectinem.

290 3634 348 3695 Sed
369 3635 441 3695 haec
462 3637 542 3713 prius
563 3635 642 3695 suere
653 3656 661 3708 ς
691 3653 770 3694 nunc
791 3632 947 3694 recondita

286 3735 431 3812 Sedetque
453 3736 531 3808 sede,
554 3754 643 3812 seque
665 3735 779 3794 dedicat
800 3735 850 3793 tibi

287 3832 418 3892 Gemelle
440 3833 545 3893 Castor
566 3843 595 3890 et
616 3833 739 3910 gemelle
762 3832 899 3892 Castoris.

109 4019 225 4079 Obiecit
246 4018 317 4076 mihi
338 4016 488 4093 Coningto
511 4017 592 4092 quod
613 4034 688 4093 quae
717 4034 808 4092 pausa
829 4013 954 4091 rhythmi
975 4022 1019 4071 est
1040 4011 1070 4070 in
1092 4011 1216 4072 Phaselli

65 4120 200 4179 uersibus
213 4134 245 4174 11
262 4115 378 4175 Comata
386 4116 462 4173 silua
470 4136 485 4182 ,·
506 4133 570 4173 nam
583 4112 696 4190 Cytorio
704 4116 734 4171 r'n
745 4116 810 4190 r'ugo
825 4127 860 4187 15
871 4111 1073 4186 Atlphasellus
1082 4131 1096 4179 ;
1116 4111 1216 4170 ultim

66 4237 105 4276 cx
119 4216 226 4292 origine
239 4212 306 4272 huic
321 4212 389 4272 nihil
405 4212 497 4272 simile
512 4213 542 4270 in
557 4211 740 4288 antistropho
756 4211 910 4278 inferatur;
930 4220 991 4267 tum
1006 4219 1111 4284 postu.
1125 4228 1142 4284 9
1155 4227 1216 4268 non

66 4313 200 4388 abrumpi
215 4313 385 4383 orationem,
400 4309 570 4385 interrumpi
592 4320 725 4386 poster,
748 4308 815 4367 hinc
835 4307 978 4385 reliquum
998 4306 1133 4384 strophae
1148 4325 1216 4366 cum

66 4411 250 4487 antistropho
277 4421 454 4471 concentum
482 4409 600 4469 fortuito
629 4407 778 4469 accidisse.
826 4406 885 4466 Hic
913 4423 974 4465 non
1004 4424 1109 4485 queror
1136 4405 1216 4484 quod
