2872 5002
138 312 225 371 xxxiv
525 302 896 365 PROLEGOMENA.

139 473 349 535 Riccardianus
366 483 395 532 et
412 482 512 531 noster
528 492 547 530 a
566 473 616 549 qui
641 471 784 530 artissime
804 487 873 529 cum
898 467 1017 527 Datauo
1042 465 1227 542 conspirant,
1248 482 1282 523 er

139 592 240 653 pressa
253 573 363 631 habent
377 572 554 649 antiquitatis
568 572 652 647 signa
666 589 684 628 a
697 570 802 629 ceterIs
816 567 967 627 codicibus
982 566 1105 625 alienae.
1148 564 1186 624 Id
1200 560 1284 640 siqui

139 672 305 749 perspicere
318 669 407 740 uolet,
421 679 572 746 comparet
586 668 671 728 trium
686 667 792 726 horum
811 664 947 725 codicum
964 665 1109 724 lectiones
1130 682 1201 721 cum
1220 660 1286 720 lecti

139 770 246 827 onibus
269 768 429 839 CuiacIani,
450 785 540 844 quem
562 767 592 824 in
613 766 669 825 hac
691 765 818 825 editione
840 764 954 841 signaui
971 762 1002 822 P.
1048 762 1110 835 Qui
1131 780 1203 821 cum
1222 776 1288 819 auur

144 869 221 940 1467
238 866 362 942 scriptus
383 865 421 924 sit
440 866 481 923 ita
501 864 592 923 multa
612 864 701 923 habet
721 882 740 923 a
760 864 874 922 sincera
895 872 1039 921 uetustate
1061 860 1250 920 abhorrentia
1266 868 1291 917 ut

142 963 321 1041 interpolatis
343 964 401 1022 iam
424 962 625 1022 accensendus
650 964 704 1021 sit:
737 962 774 1021 de
799 979 860 1037 quo
884 960 960 1019 inira
981 960 1085 1019 dicturi
1111 976 1224 1019 sumus.
1261 954 1293 1015 Et

142 1075 242 1122 tamen
260 1063 366 1122 eodem
384 1061 443 1121 lere
457 1073 590 1138 tempore
605 1060 715 1119 exarati
729 1070 796 1118 sunt
810 1069 868 1119 tres
882 1060 928 1119 isti
942 1079 961 1117 a
974 1077 1055 1119 anno
1072 1061 1162 1130 1460,
1175 1056 1210 1115 D
1223 1072 1296 1115 anno

146 1176 234 1235 1473,
248 1160 331 1219 Ricc.
346 1161 488 1219 incertum
504 1177 563 1237 quo
582 1176 668 1218 anno.
713 1158 802 1217 Vnde
823 1159 910 1234 igitur
924 1157 1034 1216 Iactum
1055 1167 1101 1216 est
1122 1165 1156 1215 ut
1177 1154 1297 1215 recentia

143 1261 272 1337 speciem
292 1259 332 1331 P,
354 1260 465 1335 antiqui
486 1258 520 1317 D
539 1278 558 1316 a
579 1257 661 1316 Rr’cc.
684 1258 864 1335 praebeant?
905 1256 1004 1317 Credo
1026 1256 1095 1333 quia
1120 1256 1244 1332 propius
1263 1252 1299 1312 ud

143 1358 257 1417 fontem
277 1358 307 1415 hi
328 1357 480 1416 accedunt.
523 1355 582 1415 Sed
603 1367 702 1414 tamen
724 1373 792 1413 cum
813 1373 917 1414 uersus
937 1355 984 1413 isti
1005 1353 1103 1413 xc11.
1121 1371 1149 1427 3,
1166 1372 1184 1424 4
1200 1352 1238 1410 ab
1257 1351 1299 1411 bis

143 1458 234 1516 tribus
248 1456 399 1515 codicibus
418 1455 520 1513 sicuta
534 1452 730 1512 Germanensi
744 1464 773 1512 et
787 1453 905 1530 reliquis
925 1463 1039 1530 praeter
1056 1450 1083 1509 O
1096 1452 1206 1521 absint,
1219 1449 1298 1507 reliu-

146 1556 242 1632 quitur
256 1564 288 1612 ut
301 1572 406 1612 omnes
421 1554 460 1612 ad
474 1552 598 1611 eandem
620 1553 764 1629 originem
786 1562 961 1611 reuocentur
969 1572 978 1623 ,·
998 1549 1081 1628 quod
1096 1550 1120 1609 si
1134 1566 1241 1609 uerum
1251 1558 1299 1619 est,

146 1653 241 1712 codex
265 1654 290 1711 is
313 1652 391 1710 unde
414 1651 443 1709 hi
466 1662 524 1709 tres
549 1651 693 1726 originem
718 1650 830 1709 ducunt
855 1668 873 1708 a
893 1649 1050 1707 sinceriore
1076 1646 1254 1728 apographo
1273 1655 1300 1704 et

146 1750 323 1826 antiquitatis
337 1749 403 1825 plus
422 1749 562 1807 retinente
584 1748 673 1818 uenit,
689 1746 899 1810 Germanensis
913 1746 951 1804 ab
964 1764 1001 1806 eo
1016 1746 1099 1822 quod
1119 1743 1300 1804 multifariam

147 1850 205 1907 iam
221 1850 406 1906 immutatum
421 1865 455 1905 ac
470 1856 632 1905 correctum
647 1856 733 1905 esset

189 1947 264 2005 Illud
279 1964 431 2023 nunquam
446 1946 515 2003 satis
530 1944 761 2003 adseuerandum
773 1945 858 2015 duco,
870 1943 1019 2002 Datanum
1034 1941 1300 2009 Riccardianuma,

148 2062 269 2122 quoquo
281 2045 371 2103 modo
384 2044 423 2103 ad
434 2060 490 2101 uos
505 2044 697 2120 peruenerunt,
709 2062 744 2102 ea
753 2043 861 2101 habere
872 2060 1027 2119 expressae
1037 2041 1211 2099 sinceritatis
1222 2040 1302 2115 signa

148 2161 224 2220 quae
239 2160 300 2200 non
316 2143 430 2218 possint
445 2142 578 2200 fictorum
593 2141 671 2200 olere
682 2141 822 2200 officinas.
855 2140 923 2212 Qua
934 2141 963 2196 in
975 2159 1005 2198 re
1016 2138 1155 2215 exigendi
1166 2150 1236 2197 sunt
1244 2154 1302 2195 nou

149 2239 255 2315 singuli
266 2249 378 2298 tantum
393 2257 502 2311 uersus,
513 2238 564 2297 sed
575 2239 701 2296 unluersi
713 2239 821 2297 codicis
833 2236 1045 2296 consideranda
1053 2236 1177 2313 species,
1189 2234 1302 2312 qualem

149 2338 306 2396 uerbomm
325 2336 431 2396 habeat
451 2336 699 2413 deprauationem,
722 2337 827 2411 quibus
847 2335 935 2394 titulis
955 2344 1059 2405 utatur,
1078 2352 1140 2411 quo
1163 2334 1303 2392 scribente

149 2446 290 2507 exaratus,
303 2454 363 2512 quo
378 2453 457 2493 anno
472 2435 564 2494 luerit.
604 2434 689 2492 Haec
704 2436 728 2493 si
743 2434 809 2493 talia
823 2434 929 2492 luerint
939 2433 1035 2512 quafia
1048 2433 1079 2490 in
1094 2432 1140 2491 his
1154 2432 1249 2491 tribus
1263 2450 1304 2489 re·

149 2536 306 2612 periuntur,
324 2553 385 2593 non
406 2533 542 2610 equidem
563 2543 703 2608 tanquam
724 2532 914 2608 interpolatos
934 2533 1060 2603 reiciam,
1075 2531 1144 2606 quia
1164 2529 1305 2588 nonnulla

151 2636 240 2693 insint
251 2652 326 2711 quae
337 2652 406 2692 uera
420 2633 470 2691 uix
483 2632 597 2708 possint
607 2649 688 2701 csse;
703 2648 764 2706 eg.
780 2629 915 2688 Omnibus
925 2638 950 2687 et
958 2631 1054 2687 lrmz‘ti
1064 2628 1304 2705 unlgeturfirbula

145 2734 254 2807 passim
262 2749 350 2807 quem
359 2748 477 2788 uersum
488 2729 616 2786 intulisse
628 2728 752 2786 creditur
763 2728 800 2787 ad
815 2726 955 2785 LXVIII.
971 2743 1007 2803 47
1021 2726 1134 2785 Seneca
1144 2727 1305 2785 Anconita-

151 2850 206 2889 nus
216 2831 235 2899 ¹,
250 2840 279 2888 et
293 2833 464 2886 monumenta
478 2827 583 2884 latoris
604 2826 697 2885 XCV.
720 2848 747 2903 9.
791 2827 870 2886 Nam
884 2845 959 2903 quae
974 2826 1029 2884 alia
1048 2827 1107 2885 duo
1130 2825 1305 2885 Behrensius

152 2928 246 3003 arguit
260 2938 400 3002 tanquam
421 2937 519 3001 aperte
534 2925 668 2995 conficta,
684 2926 770 2983 uelim
787 2925 885 2985 doceri
905 2944 1033 3002 quonam
1048 2943 1119 2985 usus
1133 2934 1306 3000 argumento

152 3036 212 3083 tam
228 3024 408 3082 confidenter
422 3042 457 3081 ea
470 3023 616 3098 explodat.
659 3024 792 3081 Alterum
806 3024 912 3099 allegat
926 3024 1056 3082 additum
1071 3023 1108 3095 Q.
1124 3041 1307 3100 praenomen

153 3125 183 3181 in
205 3122 331 3193 Datan0,
352 3122 432 3198 quod
454 3140 490 3180 ex
505 3121 598 3180 Plinio
614 3133 763 3199 sumptum
780 3123 868 3182 luisse
890 3124 1049 3181 arbitretur.
1093 3122 1168 3181 Sane
1183 3122 1307 3197 poturise

154 3222 223 3281 hinc
245 3223 379 3280 sumine
403 3221 465 3296 ipse
491 3221 610 3296 quidem
631 3223 814 3298 negauerim:
848 3222 900 3281 sed
921 3222 1003 3299 quod
1023 3232 1052 3281 et
1071 3223 1101 3279 iu
1124 3220 1199 3278 Plini
1221 3220 1307 3279 bonis

153 3321 303 3381 codicibus
324 3330 353 3378 et
373 3321 403 3376 in
425 3319 531 3379 Catulli
551 3320 689 3378 traditum
707 3323 743 3379 sit
760 3321 812 3398 (Q.
828 3322 907 3380 enim
928 3321 1037 3380 habent
1053 3320 1265 3379 Riccardianus
1279 3328 1307 3378 et

155 3420 349 3490 Colbertinus,
364 3438 401 3479 ne
423 3419 493 3494 quid
516 3420 552 3478 de
575 3419 735 3479 Cuiaciano
757 3418 874 3496 dicam),
892 3424 986 3496 potui!
1004 3420 1042 3490 id,
1057 3419 1173 3494 opinor,
1190 3418 1307 3477 aliunde

156 3531 185 3579 et
205 3520 236 3576 in
258 3517 406 3577 Catullum
425 3519 523 3575 uenire
539 3519 612 3576 etin
626 3518 769 3576 Pliuium:
792 3536 847 3576 nec
866 3519 889 3576 si
907 3537 943 3577 ex
962 3517 1055 3576 Plinio
1076 3516 1156 3575 uenit
1177 3516 1248 3575 illud
1265 3516 1309 3589 0.,

155 3635 278 3693 possum
297 3616 463 3691 intellegere
482 3634 533 3675 cur
550 3615 652 3675 Catuli
665 3617 811 3692 scripserit
827 3616 958 3675 librarius
975 3615 1089 3685 DatanI,
1105 3633 1167 3672 non
1191 3612 1307 3675 Catulli.

156 3715 230 3775 Esto
246 3716 340 3786 enim;
363 3715 518 3790 sumpserit
532 3733 569 3772 ex
589 3713 682 3773 Plinio
703 3732 884 3791 praenomen
906 3714 1009 3774 doctus
1029 3714 1132 3791 aliquis
1154 3710 1209 3791 (sic
1231 3714 1311 3773 enim

156 3811 281 3891 fingunt)
303 3812 411 3872 saeculi
429 3812 504 3871 XV:
528 3814 606 3890 atqui
629 3814 652 3872 si
675 3814 779 3873 doctus
801 3815 862 3887 suit,
885 3833 994 3874 nomen
1017 3814 1119 3873 saltem
1140 3823 1247 3890 poetae
1269 3815 1310 3873 sic

189 4005 199 4037 ¹
216 4008 238 4054 Is
250 4015 284 4054 est
295 4006 425 4055 'I'ommaso
436 4008 464 4054 da
476 4009 599 4056 Camerino
617 4017 686 4056 notus
702 4020 835 4070 praeceptor
852 4011 900 4057 eius
918 4011 1001 4058 saeculi
1019 4008 1168 4071 (Tiraboscbi
1179 4008 1221 4057 vl.
1236 4006 1310 4070 185):

156 4092 264 4150 idemque
277 4089 371 4137 fortasse
383 4090 411 4136 de
423 4106 469 4152 quo
480 4093 504 4137 in
515 4092 610 4153 epistula
622 4094 722 4153 quadam
739 4093 771 4139 sic
788 4094 888 4154 loquitur
899 4095 1014 4140 Antonius
1031 4092 1178 4140 Beccadellus
1189 4092 1239 4153 (ed.
1251 4091 1312 4140 Ven.

156 4189 179 4234 p.
192 4173 236 4235 98)
247 4173 282 4218 De
297 4173 383 4219 Seneca
399 4174 441 4220 isto
457 4175 531 4222 miror
546 4175 609 4238 quod
624 4190 659 4223 me
676 4175 787 4234 consulas,
799 4178 867 4237 quusi
882 4176 997 4224 botmnem
1013 4192 1059 4223 non
1075 4175 1139 4223 noris
1151 4211 1157 4223 .
1170 4210 1176 4224 .
1190 4174 1235 4223 ,St
1249 4173 1312 4235 copie

155 4267 232 4315 nuque
242 4253 311 4300 auctis
327 4254 493 4302 cordubensem
512 4256 621 4304 Senecam
643 4257 795 4319 complectere,
811 4256 1010 4306 Mediolanensem
1026 4258 1104 4314 obiice,
1123 4257 1165 4320 qui
1179 4271 1209 4303 ex
1224 4256 1312 4303 Seneca

154 4344 247 4393 praeter
257 4350 339 4383 nomen
350 4336 410 4384 m'ltil
421 4336 494 4386 tabee.
