2872 5002
471 384 837 446 PROLEGOMENA.
1194 401 1232 440 xv

77 577 153 628 eatur
166 567 280 627 Catulli
295 567 372 627 liber
389 578 544 644 postquam
558 567 608 626 diu
623 567 759 626 Veronae
774 564 901 625 latuisset
915 581 933 623 a
947 563 1111 622 Veronensi
1125 564 1230 622 iterum

76 668 107 725 in
119 668 213 725 lucem
229 675 397 742 protractus
416 665 510 725 fuisse.
551 665 599 723 De
618 682 705 723 uersu
722 682 737 720 2
753 674 831 722 recte
848 661 974 721 iudicare
988 662 1139 735 uidentur;
1164 679 1227 720 non

75 765 143 823 bem
160 765 199 823 de
218 766 328 840 primo.
372 763 442 823 Non
459 765 538 823 enim
550 764 725 839 adpatrrbm
740 764 835 820 uena're
849 779 944 837 neque
958 762 1031 820 exul
1042 761 1135 820 dictus
1150 770 1227 820 esset

78 864 128 938 qui
146 874 224 922 esset
243 864 275 920 in
295 863 395 939 patria,
409 872 486 922 certe
505 861 605 920 addito
624 863 716 937 longus
729 861 761 917 dc
766 859 877 937 finibus
884 879 900 928 ,·
925 859 971 918 uel
992 869 1024 917 ut
1044 859 1091 916 alii
1111 859 1229 918 codices

77 960 186 1019 liabent
200 962 295 1038 loeagr’r
305 960 457 1020 erroribus.
491 959 616 1030 Deinde,
631 960 711 1035 quod
727 958 894 1018 Schwabius
908 965 1046 1028 autumat,
1060 957 1165 1016 librum
1180 957 1231 1033 qui

79 1058 196 1117 saeculo
210 1059 240 1116 X
254 1077 292 1118 ex
306 1059 497 1119 bibliothecae
511 1058 629 1135 capituli
642 1057 823 1116 Veronensis
837 1055 963 1115 tenebris
978 1065 1139 1132 protractus
1153 1064 1230 1115 esset

79 1174 99 1216 a
117 1156 267 1227 Ratberio,
280 1175 352 1216 mox
371 1167 468 1215 autem
487 1157 585 1215 denuo
606 1157 637 1214 in
655 1157 790 1215 tenebras
809 1155 959 1214 recidisset
976 1162 1005 1212 et
1019 1171 1072 1229 per
1085 1163 1231 1213 trecentos

80 1255 207 1330 amplius
225 1273 321 1313 annos
334 1253 470 1313 Veronae
489 1253 599 1313 nemini
618 1263 705 1312 notus
724 1253 867 1324 iacuisset,
881 1252 959 1311 hunc
980 1253 1107 1311 eundem
1127 1252 1231 1311 librum

80 1352 200 1412 meunte
214 1352 332 1411 saeculo
346 1351 420 1410 XIV
435 1350 629 1411 aVeronensi
643 1352 708 1411 ciue
722 1369 819 1410 rursus
833 1351 970 1410 Veronae
990 1359 1136 1426 repertum
1157 1367 1231 1422 esse,

81 1449 156 1509 baec
177 1450 311 1527 cupidius
331 1450 402 1508 mihi
422 1449 535 1509 uidetur
555 1449 672 1509 dixisse.
714 1450 792 1509 Nam
813 1461 846 1509 ut
863 1459 950 1508 antea
970 1449 1029 1507 dixi
1044 1466 1139 1524 neque
1152 1447 1231 1506 unde

82 1546 230 1606 Catullum
248 1547 420 1623 protraxerit
437 1547 592 1607 Ratherius
606 1548 714 1608 scimus
728 1567 823 1625 neque
839 1548 886 1607 ubi
908 1565 976 1606 eum
991 1547 1150 1624 reliquerit;
1176 1565 1231 1604 nec

81 1645 165 1704 iacile
189 1645 360 1704 crediderim
384 1644 571 1705 Veronenses
596 1646 683 1704 latere
710 1647 840 1723 potuisse
863 1656 969 1723 poetae
993 1645 1099 1705 librum
1118 1645 1230 1721 inquo

82 1753 234 1819 tantopere
261 1742 465 1820 gloriabantur,
490 1744 569 1804 siin
593 1743 715 1803 Verona
738 1745 853 1804 relictus
876 1745 985 1805 fuisset.
1037 1743 1112 1803 Illud
1135 1744 1232 1820 potius

83 1840 168 1912 dicit3
200 1859 232 1900 se
254 1842 293 1899 ab
312 1840 421 1900 ultimis
442 1842 521 1900 orbis
541 1841 648 1901 finibus
668 1843 719 1901 ubi
740 1843 770 1901 in
792 1843 877 1901 exilio
897 1843 1027 1902 latuisset
1047 1842 1084 1902 ad
1109 1842 1231 1918 patriam

81 1941 232 2001 Veronam
254 1959 272 1999 a
290 1940 453 2001 Veronensi
474 1941 626 2000 reductum
635 1942 654 2001 ¹.
695 1942 782 2002 Vnde
803 1943 924 2013 uenerit,
945 1943 1109 2017 ignoratur;
1134 1943 1229 2018 potuit

83 2057 102 2099 a
122 2039 273 2098 Britannia
293 2038 339 2098 uel
360 2038 511 2111 Hibernia,
526 2039 619 2115 potuit
638 2059 657 2098 a
677 2038 835 2099 Germania
853 2040 900 2100 uel
919 2039 1021 2111 Gallia,
1036 2041 1130 2116 potuit
1143 2040 1231 2098 etiam

82 2135 264 2197 ab¹0riente
283 2137 331 2194 uel
352 2138 390 2195 ab
410 2138 547 2214 Aegypto
568 2137 673 2197 uenire.
726 2138 789 2196 Iam
812 2139 890 2198 enim
911 2156 1016 2198 omnes
1037 2149 1131 2215 partes
1153 2138 1231 2197 orbis

82 2236 285 2294 scrutabantur
311 2233 449 2294 librorum
478 2234 609 2306 studiosi,
636 2235 701 2295 Itali
729 2235 869 2312 inprimis,
893 2237 999 2314 quibus
1027 2235 1231 2296 Romanorum

83 2333 190 2409 scripta
204 2341 345 2408 tanquam
360 2332 551 2409 popularium,
566 2351 636 2392 mox
650 2335 738 2393 etiam
752 2333 932 2393 Graecorum
947 2352 1032 2393 curae
1047 2352 1112 2394 esse
1126 2352 1232 2410 coepe·

82 2441 155 2490 rant
197 2430 246 2489 Ne
266 2430 372 2506 Anglis
392 2431 510 2507 quidem
532 2450 568 2491 ea
588 2450 658 2492 cura
678 2433 793 2506 deerat;
819 2433 963 2508 siquidem
985 2431 1127 2490 Ricardus
1149 2430 1232 2490 Buri-

82 2529 184 2601 ensis’,
200 2530 251 2607 qui
269 2530 471 2607 episcopatum
490 2530 721 2591 Dunelrnensem
740 2533 778 2591 ab
797 2549 876 2589 anno
894 2549 970 2605 1333
989 2547 1081 2605 usque
1100 2528 1138 2587 ad
1155 2530 1233 2603 1345'

81 2628 183 2700 tenuit,
194 2627 267 2686 nihil
285 2628 378 2704 magis
396 2628 427 2686 in
445 2630 526 2687 omni
539 2629 599 2688 uita
613 2630 767 2689 affectabat
782 2646 870 2706 quam
885 2636 916 2685 ut
929 2627 1018 2685 libros
1032 2627 1227 2702 undecunque

82 2727 276 2803 conquireret,
297 2725 384 2801 idque
404 2734 436 2785 ut
456 2725 574 2799 iaceret,
594 2744 655 2786 non
676 2727 771 2787 solum
791 2726 992 2785 mendicorum
1017 2741 1074 2802 ope
1099 2723 1232 2782 utebatur

115 2903 123 2932 ¹
137 2902 280 2963 Comparari
291 2911 368 2964 potest
377 2918 471 2951 carmen
482 2903 581 2952 Mursari
593 2904 668 2965 (xlv.
677 2920 700 2966 p.
711 2902 745 2967 64
755 2906 791 2952 cd.
803 2905 926 2969 Pignorii).

143 2985 189 3032 Ad
202 2984 351 3048 Magistrum
369 2985 515 3033 Gui'zardum
533 2986 706 3034 Grammaticae
721 2988 879 3048 Professorem
894 3003 947 3036 cum
963 2987 993 3036 ab
1003 3002 1029 3035 eo
1042 2986 1128 3034 librum
1143 2984 1232 3050 Virgili

175 3066 221 3115 urbi
232 3069 429 3116 accommodatum
440 3076 556 3130 repeteret.

348 3166 463 3230 Virgilius
478 3167 582 3216 tlalamo
600 3183 686 3217 mecum
703 3180 806 3218 uersatus
823 3171 847 3217 ir
864 3186 917 3226 uno,

381 3247 491 3310 Tempore
506 3265 551 3312 quo
568 3251 663 3298 Pataua
676 3252 757 3312 pulsus
773 3253 802 3299 ab
819 3253 873 3300 urbe
880 3255 931 3313 fui,

345 3329 405 3377 Exul
420 3332 454 3378 ad
469 3340 575 3379 extmnas
591 3333 654 3381 ultm
670 3349 693 3380 ue
709 3335 803 3382 contulit
819 3350 873 3382 oros

377 3413 445 3460 Exilii
459 3421 545 3474 poenas
561 3415 692 3463 mstiumsse
707 3417 792 3465 ualens.

346 3493 372 3540 ln
388 3495 486 3555 patriam
503 3496 568 3550 redii,
585 3498 665 3544 redeat
679 3512 771 3546 securus
788 3507 811 3546 et
825 3500 878 3561 ipsc,

377 3577 409 3623 Et
423 3592 497 3625 comes
514 3587 536 3625 ct
551 3579 608 3625 ciuis
625 3579 655 3627 sit
672 3579 734 3627 uelut
749 3590 802 3627 aute
811 3581 868 3641 suit.

112 3671 122 3700 ¹
137 3673 200 3719 Vide
218 3671 266 3718 eius
282 3669 445 3727 Philobibliorr,
457 3686 526 3733 quem
539 3673 625 3720 ,librum
642 3688 688 3721 non
701 3676 799 3722 multum
812 3685 865 3723 ante
876 3686 976 3723 mortem
988 3676 1081 3736 scripsit.
1114 3673 1233 3738 ‘Affluxe-

83 3759 152 3801 ‘runt
171 3754 223 3801 loco
243 3754 357 3800 donorum
375 3761 397 3799 et
415 3753 523 3800 localium
543 3756 654 3801 cmulmti
671 3757 778 3818 quaterni
797 3773 825 3804 ac
842 3758 949 3818 decrepiti
967 3759 1060 3812 codices,
1078 3759 1160 3803 nostris
1183 3767 1232 3802 ram

84 3835 223 3896 ‘mprctibus
234 3850 305 3896 quam
320 3834 435 3897 affectibus
450 3837 551 3897 pretiosi.
588 3836 653 3884 Tunc
665 3838 859 3886 nobilissimorum
871 3841 1060 3887 monasteriorum
1072 3839 1233 3899 aperiebantur

85 3917 205 3963 ‘mmaria
222 3916 379 3976 referebantur
390 3917 474 3964 scrinia
490 3927 513 3964 et
528 3919 623 3966 cistulaa
639 3920 794 3976 abluebantur,
806 3931 828 3967 et
835 3931 877 3982 per
887 3922 959 3985 longa
971 3921 1061 3968 saccula
1073 3922 1097 3967 in
1109 3920 1233 3981 sepulchris

85 4006 206 4059 'soporata
223 3998 343 4045 uolumina
360 4001 546 4062 expergiscuntur
563 4002 668 4056 attonita,
680 4018 781 4065 quaeque
797 4005 821 4049 in
833 4004 888 4050 locis
899 4003 1018 4049 tenebrosis
1030 4002 1147 4049 latuerunt
1158 4018 1233 4049 nouae

85 4080 157 4127 ‘lucis
172 4080 247 4127 radiis
260 4080 439 4140 perfunduntur.
473 4083 635 4130 Delicatisrr'mi
649 4088 766 4146 quondam
783 4085 837 4132 libri
853 4084 954 4145 corrupti
970 4094 991 4132 ct
1007 4084 1168 4131 abominabiles
1184 4085 1233 4132 iam

85 4161 172 4224 ‘dicti
180 4162 282 4208 murium
290 4163 381 4225 quidem
386 4163 489 4224 foetibus
497 4166 597 4226 cooperti
604 4175 627 4212 et
634 4169 748 4214 uermium
757 4167 869 4213 morsibus
877 4166 982 4214 terebrati
990 4168 1095 4214 iacebant
1103 4167 1233 4214 exanimes'

87 4245 119 4304 (c.
131 4243 195 4291 vm.
207 4259 231 4303 p.
245 4252 291 4305 227
304 4245 339 4292 ed.
351 4245 479 4306 Cocheria).
512 4248 589 4293 Notus
600 4259 648 4295 erat
662 4249 775 4296 Ricardus
787 4250 914 4303 Petrarcae,
926 4264 995 4309 quern
1008 4249 1102 4296 fortasse
1115 4249 1234 4296 Auenione

86 4325 184 4380 uiderat,
195 4341 327 4388 quanquam
339 4327 410 4375 etiam
423 4330 515 4376 Romae
525 4329 613 4386 fueram
631 4335 659 4377 ab
672 4347 700 4378 eo
712 4331 794 4377 dicitur
806 4332 844 4377 uir
856 4333 956 4380 arderetis
967 4332 1053 4394 ingenii
1064 4347 1103 4378 uec
1113 4331 1234 4378 literarum

87 4408 170 4455 iareim
182 4409 295 4468 (Petram.
307 4410 378 4469 Epist.
390 4425 413 4471 p.
424 4410 457 4458 80
469 4411 505 4458 ed.
517 4412 577 4458 Sam.
589 4413 686 4472 Crispini
698 4429 719 4458 a.
734 4409 816 4472 1601).
