2872 5002
326 1305 940 1404 PROLEGOMENA.

59 1655 259 1754 CATVLLI
285 1693 440 1766 Codicum,
463 1695 512 1771 qui
536 1691 655 1770 quidem
678 1708 757 1750 nunc
781 1699 904 1760 exstent,
927 1691 981 1750 tria
1005 1700 1074 1750 sunt
1096 1707 1205 1768 genera

56 1788 98 1868 (1)
114 1792 297 1853 Thuanaeus
312 1792 382 1872 (T),
394 1793 511 1852 saeculo
525 1791 570 1849 lX
583 1791 630 1849 uel
645 1788 673 1847 X
688 1789 820 1865 scriptus,
836 1789 886 1865 qui
900 1789 930 1846 in
944 1788 1087 1865 florilegio
1100 1789 1204 1847 carmi-

56 1907 125 1947 num
145 1890 321 1949 Latinorum
341 1890 429 1949 habet
448 1909 473 1948 c.
488 1888 575 1948 LXII
590 1886 712 1959 Cantili3
737 1887 782 1960 (a)
798 1885 931 1945 Datanus
947 1886 1014 1960 (D),
1028 1904 1109 1945 anno
1126 1889 1203 1963 ¹4⁶3

57 1988 189 2062 scriptus,
212 2005 282 2046 cnm
303 1988 445 2047 similibus
469 1987 515 2047 sui
537 1984 742 2055 Riccardiano,
763 1992 792 2041 et
816 1983 874 2042 hoc
898 2001 985 2061 quem
1009 1984 1071 2062 ipse
1096 1985 1127 2043 in
1148 1984 1204 2044 bac

56 2083 183 2143 editione
204 2085 331 2157 exhibui,
345 2105 379 2156 a;
404 2087 449 2160 (3)
465 2082 674 2143 Germanensis
691 2079 759 2155 (G),
774 2082 898 2156 scriptus
916 2098 995 2140 anno
1013 2095 1101 2157 1375,
1120 2083 1204 2143 cuius

56 2180 86 2237 in
109 2182 279 2241 uniuersum
310 2182 418 2242 similes
445 2190 513 2240 sunt
541 2178 630 2239 ceteri
657 2179 729 2238 boni
757 2179 884 2249 codices,
913 2176 1133 2242 Canonicianus
1165 2197 1205 2254 30

57 2296 143 2353 quem
179 2278 208 2338 Ο
244 2281 367 2356 signaui,
396 2278 577 2338 Lachmanni
609 2276 647 2349 L,
679 2277 893 2335 Ambrosianus
919 2277 967 2350 38,
998 2275 1204 2349 Bononiensis,

58 2374 254 2447 Colbertinus,
270 2377 430 2436 Vaticanus
453 2374 555 2455 (ABG
561 2374 613 2451 V).
656 2372 773 2432 Horum
794 2390 935 2448 generum
958 2372 1018 2432 duo
1044 2375 1207 2449 posteriora

58 2491 76 2530 a
96 2475 247 2532 communi
267 2472 348 2533 sonte
370 2473 492 2533 deriuari
513 2472 651 2532 omnibus
676 2479 807 2530 constat:
830 2469 1025 2530 Thuanaeum
1049 2488 1087 2530 ne
1108 2472 1206 2547 ipsum

58 2570 178 2645 quidem
193 2572 305 2646 origine
321 2573 468 2631 diuersum
482 2588 557 2642 esse,
571 2587 608 2628 ex
622 2587 647 2628 c.
659 2568 745 2628 LXII
761 2568 984 2627 demonstratur.
1020 2567 1116 2627 Huius
1127 2569 1206 2628 enim

58 2667 194 2725 carminis
214 2678 330 2745 postu
353 2687 389 2743 3²
412 2669 516 2729 eadem
537 2669 567 2726 in
591 2665 622 2723 T
636 2666 806 2726 exciderunt
829 2684 905 2743 quae
926 2667 955 2724 in
977 2665 1049 2726 DG.
1091 2666 1207 2726 Deinde

58 2774 263 2839 corruptorum
275 2765 408 2825 locorum
423 2767 453 2823 in
467 2764 567 2825 DGT
575 2765 676 2824 similis
689 2781 870 2841 quamquam
883 2781 945 2822 non
960 2765 1083 2823 omnino
1102 2765 1207 2831 eadem

60 2872 104 2919 est
124 2862 207 2933 ratio,
228 2879 253 2921 e.
262 2880 291 2938 g.
313 2877 375 2936 u.7
400 2863 500 2921 imbres
524 2860 557 2934 T,
579 2862 664 2920 zinbcr
685 2860 758 2932 DG,
779 2864 856 2937 ignes
876 2861 1015 2933 Catullus,
1037 2881 1066 2921 u.
1089 2876 1127 2936 45
1148 2869 1207 2921 tum

59 2976 129 3015 cara
143 2956 246 3030 DGT,
258 2960 324 3017 dum
337 2978 406 3018 cara
420 2957 618 3031 Quintilianus
634 2959 686 3017 IX.
703 2977 730 3032 3.
751 2960 786 3017 16
795 2978 803 3030 ;
824 2976 852 3016 u.
869 2962 907 3033 58
924 2959 1007 3020 Cura
1026 2962 1091 3019 ut'ro
1104 2958 1207 3032 DGT,

59 3074 129 3113 cara
142 3057 207 3112 uim
219 3055 357 3116 Catullus.
392 3056 554 3128 Postremo,
568 3057 647 3116 idem
662 3067 723 3115 erat
736 3074 874 3114 uersuum
888 3074 1027 3116 numerus
1039 3058 1071 3115 in
1084 3067 1207 3134 utraque

61 3152 169 3227 pagina
189 3152 299 3212 codicis
320 3154 381 3213 eius
401 3155 479 3214 unde
495 3153 536 3211 ,T
550 3154 655 3213 ductus
676 3165 728 3224 est,
751 3164 779 3212 et
803 3154 866 3213 eius
890 3154 969 3213 unde
990 3153 1062 3213 DG.
1105 3154 1208 3214 Multis

60 3249 139 3306 enim
152 3248 267 3309 indicils
281 3251 398 3310 codices
407 3250 473 3310 DG
484 3251 658 3327 colliguntur
672 3269 709 3310 ex
723 3251 837 3328 paginis
851 3250 898 3310 uel
912 3250 1057 3310 columnis
1072 3251 1208 3328 descripti
1263 3312 1297 3326 ,4
1373 3220 1393 3253 '⁰

61 3344 149 3404 fuisse
159 3364 297 3405 uersuum
308 3358 357 3408 aut
372 3351 406 3407 16
418 3359 467 3407 aut
482 3352 517 3408 16
529 3358 558 3408 et
570 3361 605 3423 17
618 3349 819 3407 alternantium
827 3366 835 3420 ;
857 3348 938 3425 quod
949 3347 1027 3407 idem
1038 3350 1114 3409 cadit
1129 3350 1159 3407 in
1174 3348 1207 3407 T.

61 3441 241 3501 Exciderunt
260 3445 340 3503 enim
361 3446 391 3503 in
416 3445 447 3503 T
461 3445 556 3504 LXII.
579 3464 626 3521 30,
642 3448 690 3518 62,
711 3447 741 3504 in
763 3444 827 3504 DG
847 3444 943 3504 LXII.
963 3464 997 3518 14
1020 3445 1082 3504 Nec
1103 3448 1208 3503 mirum

55 3540 165 3614 pentius
185 3548 330 3615 quaerela
351 3550 435 3601 menie
454 3543 590 3603 laborant.
639 3542 785 3602 Excidunt
806 3552 904 3602 autem
924 3561 1025 3602 uersus
1046 3542 1157 3601 lacibus
1176 3543 1208 3600 in

61 3654 176 3694 summa
195 3638 243 3696 uel
260 3639 318 3697 ima
332 3641 448 3716 pagina.
491 3639 521 3699 Si
536 3641 622 3717 igitur
636 3660 751 3701 summa
764 3642 811 3701 uel
826 3643 886 3701 ima
899 3643 1007 3718 pagina
1022 3641 1131 3699 codicis
1145 3642 1208 3699 eius

61 3732 138 3791 unde
161 3731 260 3792 DGT
279 3735 357 3794 ducti
380 3747 447 3795 sunt
471 3737 595 3812 scriptus
619 3747 662 3796 est
686 3755 715 3796 u.
743 3756 787 3809 14,
812 3756 927 3796 summa
950 3737 997 3796 uel
1019 3738 1079 3794 ima
1100 3737 1209 3812 pagina

61 3830 159 3906 scripti
184 3841 252 3890 sunt
274 3833 361 3891 etiam
384 3852 432 3892 un
459 3852 507 3908 30,
531 3836 578 3893 62.
619 3836 668 3892 Ab
692 3834 798 3893 eodem
823 3836 908 3910 igitur
935 3833 1008 3891 libro
1034 3833 1113 3891 ducti
1142 3845 1209 3894 sunt

61 3944 166 3985 omnes
179 3926 281 3987 DGT.
323 3928 395 3988 Non
409 3940 508 3989 tamen
522 3931 560 3989 ab
574 3949 635 3990 uno
649 3949 753 3995 omnes
767 3931 901 4007 descripti
909 3950 918 4002 ;
941 3930 994 3988 sed
1012 3929 1043 3987 T
1049 3940 1081 3988 ut
1095 3930 1209 3990 uidetur

61 4025 99 4082 ab
121 4025 195 4100 ipso,
216 4025 281 4086 DG
301 4027 497 4086 intercedente
518 4029 620 4087 saltem
641 4047 701 4087 uno
723 4028 867 4104 exemplo,
889 4027 1011 4086 fortasse
1035 4029 1122 4087 etiam
1143 4030 1208 4107 plu·

61 4121 147 4179 ribus.
201 4121 270 4182 Hoc
299 4142 335 4182 ex
364 4125 529 4185 diuersitate
551 4126 694 4202 colligitur
714 4126 889 4197 lectionum;
924 4132 1018 4198 totta
1038 4144 1081 4183 eos
1105 4127 1139 4198 T,
1160 4129 1209 4188 boc

62 4236 103 4274 eos
124 4216 213 4286 DG,·
235 4239 253 4295 9
270 4231 326 4295 par
345 4228 386 4279 est
404 4221 437 4293 T,
451 4229 553 4296 parent
568 4222 654 4289 DG,·
684 4243 717 4281 12
740 4225 851 4298 innupte
872 4222 905 4295 T,
924 4224 1103 4300 innuptaeque
1120 4225 1208 4296 BG,-

340 4356 343 4369 ι
630 4339 646 4377 n
