2872 5002
474 359 837 422 PROLEGOMENA.
1182 359 1229 417 lxv

86 539 192 602 Furium
299 541 401 602 XXIV
421 543 470 601 Ad
484 543 621 603 Amicum
727 544 814 603 XXV
834 543 883 602 Ad
897 541 1014 602 Tallum
1123 540 1226 599 XXVI

83 641 122 699 lld
134 639 260 702 Furium
349 639 467 699 XXVII
487 641 537 700 Ad
550 642 721 719 pincernam
735 660 821 702 suum
916 638 1051 699 XXVIII
1071 638 1120 697 Ad
1134 639 1226 699 Vera·

79 739 151 798 mum
165 746 192 799 ἀ
207 739 362 799 Fabullum
445 738 548 798 XXIX
568 741 617 799 Ad
631 740 792 800 Romulum
807 739 985 799 Catamitum
1067 737 1154 796 XXX
1175 738 1224 796 Ad

77 835 243 914 Alphenum
324 837 426 896 XXXI
448 838 496 896 Ad
510 838 648 898 Sirmium
662 839 786 900 insulam
867 837 986 896 XXXII
1007 836 1055 894 Ad
1070 836 1223 914 ipsithilla3

75 934 206 994 XXXIII
227 936 277 996 Ad
291 935 469 996 Vibennium
482 947 594 1013 patrem
608 944 634 996 te
648 937 738 997 filiurn
831 935 964 996 XXXIV
985 934 1112 994 Carmen
1127 935 1222 993 Diane

74 1033 211 1094 hhudes
286 1033 401 1092 XXXV
422 1034 471 1093 Ad
485 1034 594 1094 Ceciliir
609 1037 688 1095 iubet
701 1035 799 1095 libelli
812 1037 874 1114 loq.
951 1033 1083 1091 XXXVI
1105 1033 1222 1092 Inuehit

72 1130 223 1191 Inuolusir'r
237 1138 324 1209 poeta
381 1132 529 1192 XXXVII
543 1134 592 1192 Ad
606 1133 839 1194 Contubemales
888 1131 1112 1208 postsemitauri
1126 1131 1221 1190 mechi

13 1228 16 1233 ’
70 1229 115 1288 Ad
128 1229 292 1307 Egnatium
306 1231 473 1290 celtiberum
569 1230 625 1290 XL
645 1232 694 1290 Ad
708 1232 842 1291 rauidum
941 1227 1043 1287 XLIII
1065 1228 1111 1287 De
1126 1228 1221 1287 amica

10 1352 14 1357 ·
69 1327 219 1388 Formiani
232 1328 336 1388 eadem
455 1328 554 1389 XLIV
575 1329 624 1388 Ad
637 1329 760 1390 fundum
880 1327 964 1386 XLV
986 1326 1090 1385 Scribit
1104 1343 1220 1385 amores

68 1424 202 1502 Septimii
217 1432 242 1485 te
257 1444 355 1485 acmes
456 1426 555 1485 XLVI
577 1427 626 1487 Ad
641 1428 770 1504 seipsum
784 1426 934 1504 epigrama
1035 1422 1151 1481 XLVII
1172 1422 1220 1486 De

66 1523 178 1582 mendo
192 1529 219 1582 te
232 1525 336 1600 pisone
350 1525 567 1601 corruptoribus
699 1524 832 1584 XLVIII
853 1524 903 1583 Ad
922 1524 1074 1581 inuentum
1094 1539 1218 1597 puerum

66 1619 168 1679 XLIX
189 1621 238 1680 Ad
253 1621 387 1682 Marcum
401 1621 531 1682 Tullium
546 1623 688 1683 Cicerone
770 1624 796 1682 L
816 1623 865 1681 Ad
880 1621 1025 1680 Licinium
1107 1619 1148 1676 LI
1168 1619 1217 1677 Ad

65 1717 188 1797 Lesbia3
272 1719 329 1778 LII
351 1721 387 1779 Iu
403 1723 525 1780 nouium
607 1721 662 1780 LV
683 1722 732 1781 Ad
746 1721 913 1781 Camerium
1003 1716 1074 1775 LVI
1095 1716 1144 1775 Ad
1158 1715 1216 1775 Ca-

63 1825 167 1875 tonem
284 1816 370 1876 LVII
390 1819 439 1877 Ad
453 1818 566 1879 Celinm
580 1821 617 1880 de
632 1820 739 1881 Lesbia
752 1838 805 1879 sua
929 1815 1031 1875 LVIII
1053 1815 1089 1874 In
1104 1813 1216 1874 Rulum

64 1911 135 1971 LXI
157 1912 383 1991 Epithalamium
399 1915 480 1976 Lulie
495 1936 510 1975 z
526 1916 616 1976 Mallii
692 1916 779 1975 LXII
799 1915 1027 1993 Epithalamium
1112 1912 1215 1970 LXIII

64 2012 111 2072 De
125 2013 308 2073 Berecinthia
321 2027 350 2074 et
364 2016 403 2074 ati
499 2016 598 2076 LXIV
619 2016 819 2093 Argonautica
914 2013 998 2071 LXV
1019 2012 1068 2070 Ad
1082 2012 1214 2073 Ortalem

62 2109 196 2169 LXVIII
217 2112 266 2172 Ad
280 2112 412 2172 Mallium
505 2113 604 2171 LXIX
625 2114 661 2172 In
676 2113 786 2172 Rufum
877 2110 993 2169 LXXII
1014 2110 1063 2168 Ad
1077 2109 1214 2168 Lesbiam

62 2208 192 2268 LXXIV
213 2211 263 2269 Ad
275 2210 388 2270 Lelium
459 2211 570 2279 LXXV
591 2213 640 2271 Ad
654 2211 790 2271 Lesbiam
861 2207 1006 2267 LXXVII
1027 2207 1076 2265 Ad
1090 2207 1213 2266 Ruttum

62 2306 176 2365 LXXX
197 2309 247 2367 Ad
261 2308 386 2369 Gellium
502 2309 630 2368 LXXXI
652 2310 700 2368 Ad
714 2307 881 2368 iuuencium
998 2305 1143 2363 LXXXII
1165 2304 1212 2363 Ad

61 2406 207 2482 quintium
349 2407 508 2466 LXXXIH
529 2409 577 2467 Ad
593 2407 718 2467 Mullum
867 2403 1009 2462 LXXXV
1030 2402 1076 2461 De
1091 2400 1212 2473 Quintia

60 2501 251 2563 LXXXVIII
268 2503 320 2564 ‘Ad
334 2504 466 2565 Gelium:
563 2505 720 2564 LXXXIX
742 2504 826 2564 Idem
840 2503 879 2562 ad
894 2501 1019 2561 Gellituu
1123 2497 1210 2557 XCII

60 2599 107 2661 De
122 2600 228 2661 Lesbia
309 2602 411 2663 XCIII
432 2604 469 2662 In
483 2602 620 2663 Cesarem
711 2602 811 2662 XCVI
832 2601 881 2660 Ad
895 2598 1020 2658 Caluum
1109 2595 1209 2655 XCIX

60 2698 109 2757 Ad
130 2700 296 2759 quentium
426 2700 507 2760 Clu
529 2700 643 2760 Cetium
664 2700 865 2773 &Quintium
988 2694 1029 2754 CI
1052 2694 1150 2753 Fletus
1171 2695 1209 2754 de

59 2813 160 2855 amore
175 2799 242 2871 (εῖτ)
257 2796 350 2856 fratris
488 2797 546 2857 CII
567 2798 616 2858 Ad
630 2797 798 2857 Cornelium
895 2793 970 2853 CIII
991 2793 1040 2851 Ad
1061 2791 1208 2870 quendam

59 2892 130 2952 CIV
151 2893 200 2952 Ad
220 2893 377 2966 Quendam
479 2894 533 2954 CV
555 2895 600 2954 De
622 2895 684 2954 eius
706 2893 838 2954 Mentula
941 2890 1012 2950 CVI
1032 2889 1079 2950 De
1101 2889 1207 2951 Obello

57 3009 149 3068 puero
244 2990 330 3050 CVII
351 2992 399 3051 Ad
414 2991 552 3052 Lesbiam
648 2992 751 3052 CVIII
771 2991 809 3051 In
823 2989 971 3069 quendam
1067 2987 1137 3047 CIX
1158 2987 1207 3047 Ad

56 3086 195 3148 Lesbiam
298 3087 352 3147 CX
372 3090 420 3149 Ad
434 3090 599 3149 Aufilenam
696 3089 767 3149 CXI
787 3089 837 3148 Ad
850 3087 1015 3147 Aufilenam
1119 3085 1206 3146 CXII

56 3181 93 3243 In
115 3185 268 3246 Nasonem
384 3186 486 3246 CXIII
507 3188 553 3247 De
575 3188 670 3247 Cinna
791 3186 891 3246 CXIV
912 3186 958 3244 De
981 3185 1059 3244 Salio
1081 3185 1205 3245 firmano

57 3280 157 3341 CXVI
178 3282 227 3340 Ad
240 3283 375 3343 Gellium.

99 3399 124 3437 a.
147 3379 202 3439 Ed.
218 3379 263 3439 Pr.
299 3381 395 3442 Huius
409 3383 440 3440 in
454 3383 561 3459 Anglia
574 3383 633 3442 duo
648 3384 706 3442 uidi
721 3383 904 3459 exemplaria,
915 3381 1037 3441 alterum
1051 3380 1081 3440 in
1097 3380 1203 3440 Museo

55 3472 232 3551 Britannico,
253 3479 373 3538 altenrm
393 3481 423 3537 in
445 3479 622 3541 Bibliotheca
649 3481 816 3540 Bodleiana.
873 3479 952 3538 Libri
974 3480 1069 3539 torma
1089 3491 1202 3556 quater·

55 3574 135 3632 uaria
156 3585 207 3634 est.
250 3575 333 3635 Prius
353 3579 501 3654 exemplar
521 3579 609 3638 habet
626 3580 701 3639 loliis
726 3580 782 3637 186
798 3577 946 3637 Catullum
961 3577 1110 3636 Tibullum
1132 3579 1201 3636 Pro·

53 3673 178 3747 pertium
194 3672 275 3731 Statii
296 3673 397 3746 Siluas,
412 3676 518 3735 deinde
539 3678 569 3734 in
584 3676 641 3736 fine
663 3677 820 3735 uoluminis
836 3677 909 3735 haec
924 3682 931 3707 ‘
945 3675 1053 3733 Tabula
1067 3675 1200 3732 librorum

52 3772 121 3842 ‘qm'
138 3779 204 3827 sunt
226 3773 256 3828 in
272 3775 395 3846 presenti
412 3774 554 3832 uolumine.
575 3771 580 3855 Ι
598 3774 700 3832 Albius
724 3775 852 3833 Tibullus
872 3775 970 3850 elegiae
992 3772 1120 3847 Scrr'ptor
1133 3776 1199 3848 opti-

52 3871 137 3924 ‘muu
157 3865 162 3947 Ι
180 3863 319 3926 Aureliue
329 3870 498 3946 Propertius
511 3872 651 3930 Beuanus.
672 3870 676 3951 l
698 3871 864 3931 Clarissimi
870 3880 943 3946 poete
956 3870 1068 3930 Catulli
1087 3869 1199 3929 Verone-

50 3963 282 4041 ‘sisEpigrcima
301 3963 306 4045 l
324 3967 657 4043 Pub.Papinus.Statrus
666 3969 826 4044 Syluarum.
847 3966 850 4045 l
869 3968 975 4027 MCC
978 3967 1004 4027 C
1007 3966 1197 4026 C.LXXH.’

48 4058 122 4120 Folii
144 4063 228 4138 primi
254 4065 283 4120 iu
308 4082 422 4122 summa
447 4067 575 4124 secunda
603 4069 711 4143 pagina
734 4069 839 4144 (prima
864 4085 956 4124 uacua
981 4064 1036 4144 est)
1058 4067 1196 4142 scrIptum

46 4169 90 4218 est

87 4244 208 4315 ιιᾹΙινι9
226 4245 339 4317 Catall9
355 4261 473 4335 scriptor
487 4249 574 4335 lyric9
595 4262 695 4335 Verane
709 4265 834 4321 nascetur
846 4261 1011 4335 Olympiade
1024 4260 1056 4319 C.
1067 4260 1193 4320 LXIII.

48 4352 132 4413 Anno
152 4364 214 4415 unte
235 4363 329 4415 natum
352 4356 506 4416 Salustium
525 4357 663 4434 Crispum.
706 4360 792 4417 Dr'ris
813 4358 913 4417 Marii
928 4357 1032 4433 Sylleq:
1051 4355 1196 4433 tiparibus.

615 4474 632 4514 r
