2872 5002
522 391 768 452 PRAEFATIO.
1187 391 1225 448 vii

63 586 160 628 ensem
173 570 281 645 uiginti
295 580 416 630 tantum
430 572 476 629 uel
495 572 621 648 triginta,
635 590 698 631 non
719 573 808 632 uideo
829 589 879 630 cur
897 569 955 630 GO
974 581 1115 648 tanquam
1136 570 1222 628 unice

63 674 164 733 sinceri
183 675 316 734 habendi
334 677 404 749 sint,
424 676 621 737 Bononiensis
642 696 769 755 cumque
791 696 827 738 eo
848 677 1061 737 Laurentianus
1082 687 1223 752 tanquam

64 780 225 857 interpolati
238 782 413 842 abiciantur.
458 783 563 860 Neque
582 784 661 843 enim
682 795 760 844 reete
781 784 851 843 illud
873 783 1026 844 adseuerat
1046 782 1223 841 Behrensius

65 887 167 947 doctos
181 887 273 948 Italos
288 890 400 948 saeculi
414 889 472 948 XV
487 891 652 967 corrigendi
671 891 790 949 libidine
811 891 921 962 omnia,
936 889 1008 949 dum
1028 898 1142 959 sanant,
1157 906 1222 947 cor-

63 994 194 1069 rupisse:
216 994 339 1054 codices
353 995 417 1055 eius
431 997 569 1072 temporis
582 997 608 1057 si
621 997 697 1055 sorte
710 1005 829 1056 careant
848 996 1122 1073 interpolationibus
1141 1005 1222 1053 extra

64 1098 178 1159 Italiam
199 1111 358 1162 exaratos:
381 1112 484 1163 contra
497 1113 564 1162 ante
579 1103 609 1161 id
623 1114 740 1179 tempus
761 1102 932 1178 religionem
953 1103 1043 1162 luisse
1063 1103 1222 1179 quicquam

64 1205 167 1266 inferre
182 1209 266 1284 quod
280 1208 495 1268 emendationis
509 1219 596 1269 esset.
635 1208 799 1286 Simplicior
812 1211 869 1268 ista
882 1209 1027 1280 discretio,
1042 1225 1105 1267 non
1117 1207 1222 1266 uerior.

65 1311 133 1388 Ego
146 1313 217 1372 illud
231 1332 288 1391 pro
301 1315 377 1373 uirili
391 1314 577 1374 adfirmarim:
592 1325 690 1374 extare
705 1333 767 1374 non
781 1333 892 1391 paucos
906 1315 1025 1374 codices
1036 1312 1143 1374 saeculi
1154 1311 1222 1383 XV,

65 1421 222 1496 praecipue
234 1423 310 1480 inter
324 1440 516 1496 1400-1430‚
527 1422 576 1498 qui
585 1422 800 1498 interpolatoris
813 1439 935 1479 manum
946 1439 1007 1480 non
1022 1420 1133 1497 experti
1144 1418 1219 1479 sint:

66 1545 126 1587 non
152 1527 257 1587 deesse
281 1544 358 1604 quae
384 1528 472 1587 etiam
493 1546 569 1587 saec.
592 1526 666 1586 XlV
691 1527 865 1604 interpolata
884 1527 1053 1587 uideantur:
1081 1526 1132 1585 uix
1153 1525 1221 1583 satis

66 1645 262 1713 temperanter
276 1652 337 1692 rem
353 1635 384 1690 in
398 1635 508 1693 lubrico
523 1635 608 1693 sitam
622 1635 736 1692 tractari
751 1643 891 1712 tanquam
906 1651 1007 1692 secura
1021 1633 1056 1692 sit
1066 1631 1084 1690 ¹.
1109 1631 1220 1708 Ecquis

65 1743 118 1801 erit
132 1743 183 1819 qui
198 1740 424 1800 Lachmannum
438 1740 537 1799 eredat
549 1739 644 1798 uirum
658 1739 777 1815 ingenio
797 1739 1004 1809 acutissimum,
1019 1738 1121 1798 studiis
1134 1747 1221 1813 atque

66 1849 148 1908 omni
162 1847 297 1908 doctrina
314 1847 576 1918 instructissimum,
591 1847 766 1905 sententiam
786 1864 876 1922 quam
897 1846 933 1904 de
954 1845 1072 1905 Datano
1093 1862 1127 1903 ac
1149 1843 1222 1902 San·

67 1955 187 2014 teniano
209 1953 313 2023 tulerit,
335 1953 423 2010 etiam
443 1961 512 2028 post
532 1953 668 2012 inuentos
693 1952 722 2012 G
742 1963 772 2012 et
793 1951 876 2011 Oita
894 1952 982 2011 luisse
1000 1961 1177 2010 mutaturum
1190 1960 1223 2009 ut

67 2060 259 2137 interpolatos
282 2059 359 2130 illos,
381 2059 511 2117 sinceros
532 2058 588 2117 hos
609 2077 645 2118 ex
667 2059 805 2118 omnibus
826 2059 907 2118 solos
928 2058 1119 2118 indicauerit?
1160 2056 1222 2115 Aut

67 2183 126 2242 ego
147 2165 231 2224 fallor
249 2175 299 2223 aut
319 2164 359 2223 ad
379 2182 478 2224 ueram
500 2163 606 2224 Catulli
627 2166 715 2224 crisin
736 2165 814 2224 libris
835 2175 903 2241 post
927 2183 1004 2237 1400
1026 2164 1139 2241 scriptis
1160 2180 1222 2221 non

68 2271 121 2330 erit
135 2270 396 2348 supersedendum.

109 2377 146 2436 ln
159 2378 330 2437 uniuersum
345 2376 415 2434 illud
428 2375 466 2434 de
480 2375 640 2436 Behrensio
655 2378 762 2448 iudic0,
778 2377 958 2437 festinantius
972 2377 1111 2436 locutum.
1132 2375 1222 2434 Velut

68 2484 106 2544 de
119 2484 238 2544 Datano
252 2501 328 2559 quae
343 2483 431 2542 edixit
444 2500 507 2541 non
520 2484 611 2543 modo
629 2483 701 2544 falsa
721 2483 792 2542 mihi
813 2484 957 2553 uidentur,
971 2484 1024 2542 sed
1039 2483 1079 2540 ita
1100 2481 1170 2541 falsa
1190 2493 1223 2540 ut

68 2591 199 2668 periculo
214 2591 273 2649 sint
286 2591 401 2649 incaute
415 2589 635 2666 accipientibus.
675 2590 749 2649 Esto
770 2591 849 2649 enim
871 2599 903 2649 ut
923 2588 1146 2665 interpolatione
1160 2605 1223 2645 non

69 2703 185 2755 careat:
208 2694 387 2754 concedatur
400 2693 430 2752 id
444 2695 524 2772 quod
545 2714 732 2773 nequaquam
755 2697 987 2756 demonstratum
1008 2704 1061 2765 est,
1075 2694 1224 2752 librarium

69 2803 221 2879 antiquam
255 2801 427 2876 scripturam
461 2801 595 2861 consulto
632 2802 798 2862 adhibuisse
826 2813 857 2862 ut
886 2802 1064 2879 antiquitatis
1096 2802 1225 2878 speciem

69 2909 183 2967 fucatae
203 2908 339 2979 adiceret,
360 2924 421 2966 non
441 2916 473 2966 ut
494 2908 649 2984 exemplar,
665 2909 746 2986 quod
768 2909 958 2982 describebat,
974 2926 1063 2986 quam
1083 2907 1225 2966 fidissime

69 3015 240 3074 imitaretur:
256 3032 318 3072 non
329 3023 428 3073 tamen
438 3014 548 3073 idcirco
560 3015 662 3075 credas
673 3024 717 3074 tot
730 3014 839 3076 Datani
852 3016 992 3076 lectiones
1005 3025 1053 3074 aut
1065 3015 1225 3091 singulares

70 3120 163 3179 autin
178 3118 376 3179 Riccardiano
391 3128 503 3178 tantum
517 3130 546 3179 et
560 3131 661 3179 nostro
676 3141 694 3179 a
709 3121 794 3180 simul
813 3123 947 3181 inuentas
962 3141 998 3181 ex
1012 3139 1094 3180 mero
1109 3120 1225 3180 arbitrio

69 3227 182 3286 scribae
204 3225 385 3302 prouenisse,
410 3225 472 3284 siue
493 3226 628 3285 consulto
649 3228 801 3303 pristinam
823 3229 951 3305 speciem
971 3228 1144 3298 reuocanda,
1164 3229 1226 3286 siue

68 3332 150 3409 quod
175 3331 315 3391 socordia
340 3331 425 3390 luerit
448 3331 650 3407 indiligentior.
693 3330 749 3391 Dic
774 3332 853 3404 mibi,
878 3334 948 3393 ‘ista
969 3351 1063 3393 nouas
1084 3331 1226 3392 lectiones

69 3437 245 3515 procreandi
266 3435 372 3496 libido'
392 3455 486 3515 ecqua
507 3437 626 3497 tandem
645 3439 708 3512 est?
750 3437 817 3514 Ego
831 3438 923 3499 multa
940 3446 1070 3498 correcta
1084 3456 1102 3496 a
1115 3437 1227 3508 scribis,

69 3544 213 3603 nonnulla
241 3542 424 3620 interpolata,
452 3562 548 3620 pauca
579 3545 667 3603 etiam
696 3543 823 3603 conficta
857 3544 972 3604 inueni:
1009 3543 1121 3602 nullum
1155 3544 1227 3602 noui

70 3650 203 3710 codicem
220 3650 270 3725 qui
285 3660 317 3707 ut
331 3649 434 3708 falsam
448 3649 598 3709 induceret
612 3649 741 3726 speciem
762 3651 922 3721 uetustatis,
937 3669 998 3708 non
1021 3650 1116 3708 solum
1137 3648 1227 3722 scrip-

71 3767 132 3814 tura
159 3756 254 3813 ueteri
284 3755 335 3813 sed
363 3756 461 3814 uerbis
491 3757 577 3814 etiarn
607 3758 637 3814 in
663 3755 751 3814 medii
780 3757 845 3814 aeui
875 3757 1038 3815 barbariem
1070 3753 1229 3811 immutatis

71 3873 225 3938 corruptus
241 3863 287 3919 sit.
330 3861 399 3934 Qua
412 3863 532 3939 quidem
552 3864 582 3921 in
601 3882 632 3920 re
651 3863 714 3938 ipse
736 3881 768 3921 se
789 3862 967 3922 Behrensius
988 3861 1137 3936 coarguit:
1159 3859 1228 3916 dicit

70 3968 147 4026 enim
162 3985 241 4027 saec.
252 3966 309 4023 XV
322 3967 409 4027 fidem
425 3967 504 4027 demi
518 3969 586 4044 quia
599 3969 731 4028 uitiatum
746 3970 782 4029 sit
794 3969 1046 4028 emendationibus
1060 3967 1214 4026 doctorum
1219 3984 1227 4037 ;

101 4198 109 4226 ¹
126 4200 200 4247 ‘lllud
220 4215 298 4247 secure
315 4201 386 4260 possis
403 4200 524 4247 adfirmare
536 4199 623 4246 nullum
641 4199 698 4246 illius
714 4201 824 4261 temporis
836 4200 940 4247 codicem
953 4199 1020 4261 (dicit
1035 4212 1093 4246 saec.
1106 4199 1148 4260 xv)
1161 4199 1229 4259 plane

70 4295 142 4329 carere
156 4281 272 4329 Italorum
284 4278 515 4342 interpolationibus!
549 4279 690 4338 Behrensius,
703 4280 791 4344 Proleg.
804 4296 826 4341 p.
840 4282 882 4330 xii.

573 4371 626 4429 ba
