2872 5002
544 365 912 426 PROLEGOMENA.
1218 369 1306 427 xxxiii

143 536 216 595 enim
240 538 342 599 scriba
367 539 588 614 Germanensis,
613 543 704 603 homo
728 546 896 618 accuratior,
922 546 992 605 nihil
1015 548 1119 607 errauit
1144 550 1174 607 in
1195 549 1303 610 descri-

143 635 237 695 bendo
259 638 389 712 codice;
419 642 525 700 errauit
538 642 563 700 is
577 643 627 719 qui
641 641 670 700 D
685 642 732 701 uel
746 661 814 701 eum
828 644 907 703 unde
922 644 950 703 D
966 643 1069 705 ductus
1084 658 1127 706 est
1142 647 1301 725 descripsit

145 732 262 810 largior
276 755 379 813 pauca
394 741 436 799 sic
450 759 503 816 per
513 758 641 800 errorem
655 741 715 800 fieri
726 743 856 818 potuisse
871 763 895 802 e.
905 763 935 820 g.
945 752 1079 820 paratum
1093 745 1305 822 Prosequamur

144 830 312 894 Indomitum
327 838 488 896 descendens
500 840 644 897 ostendunt
653 840 836 918 languescunt
853 842 927 900 lenta
941 845 1067 922 conserat
1078 845 1188 902 oblitum
1198 849 1303 921 possim

146 950 256 990 narrem
279 934 396 1011 Aspice,
419 956 494 1014 quae
515 939 615 997 omnia
640 938 715 997 male
740 939 893 999 intellectis
918 940 1020 1001 litteris
1041 940 1162 1001 sortasse
1184 944 1304 1020 deliquit

146 1031 238 1090 scriba
252 1031 385 1107 Datani;
407 1046 486 1095 recte
500 1037 580 1095 enim
594 1036 731 1095 uidentur
745 1035 774 1096 G
788 1048 817 1097 et
831 1039 962 1115 plerique
976 1039 1040 1099 libri
1058 1039 1194 1099 exhibere
1209 1053 1302 1117 para·

146 1129 200 1186 rim
214 1128 429 1208 Perscqrcomnr
442 1131 598 1192 Indomitus
611 1134 748 1191 discedens
761 1141 897 1193 ostentant
912 1137 1088 1214 languescent
1099 1139 1170 1197 laeta
1184 1140 1306 1215 coemeret

146 1226 241 1286 oblitae
249 1239 365 1304 possum
379 1250 489 1291 narras
501 1231 610 1307 Accipe.
654 1231 712 1291 Sed
727 1251 805 1310 nego
819 1233 878 1293 hoc
895 1235 926 1292 in
945 1245 1041 1295 cetera
1063 1237 1186 1310 cadere,
1209 1256 1264 1297 nec
1279 1239 1302 1297 si

146 1328 310 1387 accuratior
324 1328 379 1388 tuit
399 1331 494 1389 scriba
515 1329 735 1404 Germanensis,
751 1350 812 1391 non
831 1351 976 1392 summam
992 1351 1091 1392 curam
1110 1336 1140 1392 in
1159 1353 1196 1394 eo
1214 1353 1303 1413 posu-

147 1424 223 1495 isset,
242 1436 277 1484 ut
297 1426 404 1486 librum
428 1446 516 1504 quem
542 1429 724 1488 describebat
745 1431 876 1490 exactius
897 1442 1074 1508 sequeretur.
1116 1433 1207 1510 Atqui
1229 1434 1303 1491 anti-

147 1525 287 1599 quitatem
302 1529 398 1603 magis
412 1527 527 1605 sapiunt
541 1527 681 1587 lectiones
696 1529 804 1588 Datani
811 1550 819 1601 5
834 1530 921 1602 unde,
938 1531 960 1590 si
975 1532 1013 1589 ab
1028 1530 1134 1591 eodem
1149 1550 1209 1591 uno
1221 1531 1303 1591 fonte

146 1621 225 1681 ducti
250 1634 321 1683 sunt
344 1625 374 1684 D
398 1637 428 1685 et
452 1625 490 1696 G,
516 1625 545 1684 D
569 1646 606 1685 ex
631 1627 793 1704 antiquiore
818 1626 846 1687 G
875 1647 911 1688 ex
940 1630 1101 1688 recentiore
1129 1630 1301 1707 apographo

146 1719 310 1798 descriptus
324 1734 378 1782 est.
419 1722 458 1782 Et
472 1743 541 1783 sane
556 1726 597 1783 sic
612 1724 721 1784 sactum
742 1743 808 1785 esse
822 1727 931 1785 indicio
946 1737 1013 1786 sunt
1028 1745 1129 1787 uersus
1143 1729 1189 1787 isti
1204 1728 1300 1788 XCII.

148 1837 175 1893 3,
190 1838 208 1890 4
224 1820 314 1879 etiam
329 1822 360 1880 in
377 1821 495 1882 Datano
517 1824 627 1895 omissi,
642 1823 767 1882 LXVII.
785 1843 820 1882 21
838 1836 867 1884 et
881 1824 1021 1884 LXVIII.
1040 1829 1075 1884 18
1097 1827 1142 1886 bis
1163 1828 1251 1886 etiam
1269 1828 1300 1885 in

146 1916 265 1978 Datano
282 1920 391 1997 scripti.
433 1920 511 1981 Nam
526 1921 583 1981 hoc
598 1922 628 1980 in
642 1923 745 1982 ceteris
766 1922 915 1982 codicibus
936 1925 1071 1984 omnibus
1092 1936 1217 2002 excepto
1238 1944 1300 1984 uno

146 2014 300 2075 Olactum
316 2029 376 2077 est:
398 2037 453 2079 nec
468 2021 622 2097 quisquam
636 2021 667 2079 id
686 2021 784 2080 credet
806 2021 866 2080 lieri
887 2023 1025 2098 potuisse,
1041 2024 1096 2082 nisi
1117 2034 1146 2082 et
1167 2023 1301 2083 Datanus

146 2114 220 2173 ethi
235 2133 341 2177 omnes
356 2119 394 2176 ab
409 2119 515 2178 eodem
528 2118 610 2177 fonte
625 2119 703 2177 ducti
725 2128 832 2179 essent
874 2120 977 2197 Itaque
998 2122 1048 2179 uix
1068 2131 1204 2198 poterant
1217 2121 1247 2180 hi
1262 2141 1299 2182 ex

147 2211 329 2275 Veronensis
348 2216 451 2275 codice
468 2216 620 2293 profluere,
638 2216 773 2276 Datanus
790 2218 828 2275 ab
849 2216 948 2290 altero,
963 2219 1014 2295 qui
1036 2237 1111 2278 saec.
1126 2219 1192 2278 XV.
1208 2237 1300 2278 emer·
1361 2276 1365 2287 ,

146 2311 201 2383 sit;
231 2330 401 2390 quanquam
422 2323 451 2373 et
472 2315 534 2392 ipse
555 2316 597 2374 sic
618 2315 648 2372 in
669 2314 735 2374 edit.
762 2317 837 2390 1867
861 2317 1042 2376 credideram
1060 2328 1089 2376 et
1110 2336 1172 2376 non
1194 2318 1301 2376 desunt

146 2429 223 2487 quae
238 2411 315 2472 hanc
329 2415 502 2473 sententiam
516 2414 689 2473 confirmare
702 2414 864 2473 uideantur.
907 2413 1062 2491 ‘Namque
1082 2426 1111 2474 et
1131 2415 1299 2474 Matthaeus

146 2515 153 2540 ‘
169 2510 331 2572 Palmerius
345 2513 376 2571 in
390 2514 526 2591 exemplo
540 2514 603 2571 libri
619 2512 772 2572 Catulliani
787 2513 868 2589 quod
888 2531 940 2572 sua
958 2514 1050 2591 ipsius
1072 2531 1161 2570 manu
1176 2532 1201 2571 a.
1221 2516 1298 2584 1428

146 2614 154 2641 ‘
170 2611 294 2687 scripsit,
308 2612 460 2672 adnotauit
473 2630 552 2671 anno
570 2630 625 2685 142
630 2626 647 2686 5
663 2613 788 2689 primurn
803 2622 947 2688 repertum
962 2629 1027 2670 esse
1047 2609 1193 2669 Catullum
1208 2611 1300 2686 pessi·

146 2712 277 2784 ‘meque
298 2720 453 2786 acceptum
476 2711 507 2768 in
531 2728 637 2769 manus
660 2710 813 2769 hominurn
842 2710 958 2768 uenisse
987 2707 1035 2787 (cl.
1064 2707 1156 2767 Andr.
1187 2708 1300 2768 Schotti

145 2821 154 2846 ‘
169 2806 315 2866 obseruat.
330 2807 441 2867 human
455 2808 494 2866 II.
514 2809 559 2867 16.
575 2827 602 2884 p.
615 2805 683 2885 53¹)
697 2820 725 2868 et
741 2808 874 2884 Raphael
887 2807 1095 2866 Volaterranos
1104 2807 1153 2883 qui
1169 2807 1206 2865 ab
1217 2825 1298 2866 anno

146 2907 154 2933 ‘
168 2905 229 2964 sere
245 2920 322 2980 1450
337 2907 376 2965 ad
390 2926 500 2965 annum
514 2921 592 2981 1520
605 2908 687 2977 uixit,
701 2919 892 2966 commentar.
908 2908 1011 2965 urban.
1026 2907 1089 2965 libr.
1102 2906 1185 2965 XIV.
1197 2925 1225 2984 p.
1237 2921 1297 2982 325

145 3004 212 3062 ‘ed
237 3003 325 3064 Basil.
346 3005 434 3064 Frob.
460 3020 536 3079 1559
558 3006 604 3063 hic
627 3004 739 3065 Catulli
756 3004 850 3080 inquit
870 3005 942 3062 liber
961 3024 1101 3064 unacum
1125 3003 1299 3074 Quintiliano

144 3106 152 3133 ‘
167 3111 291 3178 repertus
304 3111 345 3162 est
356 3111 442 3161 aetate
455 3110 550 3162 nostra
564 3104 711 3162 laciniosus
724 3103 914 3178 mendacioque
922 3101 951 3160 ²!
994 3102 1109 3174 Quibus
1127 3121 1299 3180 quanquam

144 3219 206 3260 non
227 3203 349 3261 nimium
371 3203 530 3272 tribuerim,
544 3201 683 3261 haberent
703 3212 802 3260 tamen
824 3201 902 3260 unde
924 3201 1172 3274 confirmarentur,
1188 3202 1212 3260 si
1226 3202 1298 3261 alter

144 3301 250 3370 codex,
264 3301 397 3360 diuersus
415 3301 452 3359 ab
473 3300 522 3360 illo
544 3319 632 3377 quem
654 3310 722 3360 ante
743 3319 821 3375 ¹300
845 3299 1024 3358 Veronensis
1044 3301 1164 3371 inuenit,
1178 3301 1296 3359 ineunte

142 3399 262 3458 saeculo
286 3399 345 3458 XV
370 3409 500 3478 repertus
524 3410 608 3459 esset.
651 3398 758 3476 Neque
786 3400 865 3457 enim
893 3398 1027 3459 Datanus
1057 3399 1161 3471 solum,
1187 3399 1239 3458 sed
1266 3411 1297 3458 et

176 3579 184 3608 ¹
201 3580 281 3628 Codex
301 3580 325 3627 in
346 3579 483 3627 membranis
501 3595 547 3626 non
570 3579 746 3626 contemnendae
765 3579 883 3627 aeneatoris
902 3578 934 3628 A.
954 3579 1073 3627 MCCCC.
1091 3578 1210 3625 XXVIII
1225 3593 1296 3625 manre

141 3663 259 3712 Matthaei
269 3664 385 3711 Palmerii
395 3664 491 3724 scriptus
499 3662 547 3724 (qni
556 3672 578 3709 et
588 3677 649 3708 anno
660 3662 691 3708 M
702 3662 784 3709 CCCC
794 3664 841 3709 XX
846 3664 867 3709 V
874 3663 977 3722 primam
989 3671 1104 3722 repertam
1115 3664 1160 3707 ede
1170 3660 1295 3716 Concltnm,

138 3747 280 3809 pessimeque
296 3755 412 3806 acceptam
429 3747 452 3791 in
470 3760 552 3791 mortus
567 3744 684 3791 boninum
702 3746 788 3791 uenisse
805 3745 958 3804 adnotorot):
978 3759 1044 3805 quem
1059 3743 1116 3788 milri
1129 3742 1186 3789 Ant.
1207 3744 1296 3788 Conar-
1372 3793 1375 3796 Α

141 3831 225 3877 ructas
235 3830 292 3875 Iure
303 3844 365 3875 cons.
376 3827 483 3891 egregius
498 3826 571 3874 Toleti
583 3828 692 3873 utendum
703 3827 774 3882 dedit,
784 3827 817 3873 sic
828 3827 938 3874 lubebat:
956 3827 1016 3872 Bon
1024 3842 1037 3870 n
1045 3841 1067 3871 m
1073 3824 1203 3883 suctum:
1222 3824 1296 3870 mole

141 3927 156 3959 o
168 3911 281 3958 miselle
289 3920 401 3970 passer.

175 3993 185 4022 ¹
202 3993 336 4041 Schwabius
348 3992 371 4037 in
383 3991 461 4038 adnot.
469 4005 491 4051 p.
500 4006 523 4037 v.
531 3990 566 4037 ed.
576 4005 639 4037 suae.
658 3991 695 4037 CI.
705 3991 775 4037 uerba
788 3991 891 4037 Auancii.
915 3989 1022 4051 ‘Magno
1031 3988 1131 4050 pignore
1142 3987 1295 4034 contenderim

140 4083 146 4103 ¹
159 4076 229 4123 toute
239 4091 285 4122 non
296 4074 398 4120 inueniri
415 4073 488 4119 nilum
501 4073 661 4120 Catullinnnm
677 4073 774 4120 codicem
787 4074 895 4135 seriptum
910 4082 963 4117 unte
977 4071 1112 4134 octuaginta
1128 4085 1199 4115 annos
1211 4069 1252 4116 Iroc
1264 4080 1295 4117 est

141 4167 148 4186 ⁴
160 4167 214 4206 unte
227 4157 331 4205 Guarini
338 4164 441 4209 oetatem,
453 4155 472 4202 is
482 4156 544 4202 enlm
555 4156 588 4201 nd
596 4156 699 4217 patriam
711 4155 800 4202 rediens
809 4154 927 4201 Catullum
940 4154 980 4199 din
993 4153 1133 4212 matrumque
1143 4151 1295 4200 desideratam

139 4248 146 4268 ⁴
159 4241 245 4288 Itolr'oe
256 4240 361 4294 restitnit,
372 4240 412 4286 sed
422 4235 591 4299 deprecatum!
625 4239 690 4286 llaec
701 4239 730 4284 ad
743 4237 891 4285 Matthaeum
903 4238 1030 4282 Gibertum
1043 4235 1147 4281 Veronae
1156 4235 1294 4296 Episcopum

143 4335 291 4387 15²4·¹543
309 4322 397 4382 scripsit
409 4322 540 4378 Auancius;
560 4323 620 4368 unde
634 4322 749 4369 Guarinus
765 4323 783 4368 is
800 4323 828 4368 de
845 4335 891 4380 quo
907 4319 962 4364 dicit
981 4319 1083 4378 BaptIsta
1098 4333 1153 4375 esse,
1169 4334 1216 4364 non
1229 4329 1295 4380 pater

138 4409 194 4462 eius,
206 4406 322 4469 colligitur
334 4421 346 4450 a
358 4403 480 4450 Schwabio
493 4402 586 4466 (PhIIol.
599 4403 686 4451 XXIV.
700 4404 798 4465 35²·4l·

706 4506 723 4544 D
