2872 5002
535 352 783 420 CARMEN
815 356 910 423 XIV.

669 651 765 718 XIV.

218 795 278 858 Aa
319 795 392 859 NE!
410 802 445 859 te
466 793 541 877 plus
561 794 665 860 oculis
687 796 769 861 meis
789 816 946 874 amarem,

359 905 595 970 Iocundissime
618 906 733 984 Calue,
757 925 893 972 munere
914 908 979 973 isto

358 1015 514 1083 Odissem
535 1025 571 1082 te
593 1017 670 1083 odio
692 1018 889 1084 Vatiniano:

253 1208 276 1281 β
318 1204 407 1268 Nam
429 1205 509 1288 quid
531 1204 593 1270 feci
612 1225 681 1288 ego·
698 1205 821 1288 quidue
842 1226 917 1271 sum
938 1207 1077 1288 locutus,

358 1315 427 1381 Cur
448 1337 503 1381 me
523 1326 575 1381 tot
598 1316 682 1381 male
702 1318 856 1400 perderes
878 1319 1008 1402 poetis?

357 1428 417 1492 Isti
439 1429 485 1493 dii
508 1430 596 1494 mala
618 1429 723 1494 multa
740 1430 818 1494 dent
840 1429 961 1510 clienti,

314 1537 382 1622 Qui
404 1548 535 1604 tantum
557 1540 618 1604 tibi
641 1540 730 1607 misit
752 1540 939 1624 impiomm.

250 1752 271 1808 γ
313 1727 412 1810 Quod
434 1728 470 1805 si,
494 1737 531 1792 ut
552 1728 708 1812 suspicor,
730 1728 793 1794 hoc
816 1749 940 1794 nouum
962 1749 1001 1794 ac
1023 1740 1189 1815 repertum

357 1839 479 1904 Munus
501 1839 560 1904 dat
582 1839 642 1905 tibi
666 1839 761 1905 Sulla
782 1840 955 1918 litterator,

356 1951 434 2015 Non
456 1959 507 2015 est
529 1951 575 2014 mi
598 1951 695 2028 male,
717 1952 776 2017 sed
798 1952 884 2016 bene
905 1971 945 2017 ac
967 1953 1073 2030 beate,
1264 1982 1295 2018 to

313 2058 414 2144 Quod
436 2081 502 2126 non
523 2061 715 2146 dispereunt
736 2063 784 2128 tui
806 2061 946 2128 labores.

308 2245 365 2310 Dii
388 2246 509 2330 magni,
530 2245 722 2312 horribilem
745 2256 780 2312 et
800 2267 930 2312 sacrum
952 2246 1119 2313 libellum!

205 2436 266 2513 Βγ
309 2431 420 2517 Quem
442 2441 479 2497 tu
499 2407 624 2500 sollicet
645 2434 688 2499 ad
711 2442 807 2499 tuum
831 2433 1001 2500 Catullum

176 2693 202 2743 9.
238 2674 324 2730 Mart.
337 2674 448 2745 Capella
460 2675 545 2743 111.§
560 2694 611 2744 ²²9
622 2675 713 2745 Kopp.
750 2675 816 2730 Hoc
828 2677 912 2729 etiam
925 2674 1048 2730 Catullus
1059 2673 1171 2744 quidam
1183 2689 1239 2729 non
1251 2676 1294 2730 in·

141 2747 229 2800 suauis
240 2751 323 2815 poeta
334 2753 534 2802 commemorat
546 2748 640 2801 dicens
652 2749 660 2777 ‘
670 2746 952 2801 Munm-litemtor.'

176 2816 294 2870 loannes
312 2817 521 2872 saresberiensis
540 2817 672 2885 Metalog.
690 2818 713 2872 1.
727 2836 769 2884 ²4·
806 2817 965 2887 Antiquitas
982 2815 1135 2872 uocabatur
1151 2814 1293 2872 litterator

139 2885 214 2941 iuxta
226 2887 292 2941 illud
306 2887 405 2941 Catulli
418 2889 427 2918 ‘
434 2888 726 2944 Munus-litterator?

172 3107 216 3161 Ad
228 3105 345 3163 Caluum
357 3115 466 3177 poetam
483 3110 666 3167 Botriana
675 3114 713 3168 ab
782 3111 827 3167 Ad
840 3113 955 3166 Caluum
968 3117 1005 3169 A.

176 3200 201 3238 ι.
236 3175 281 3232 Ne
296 3179 530 3237 ‘tristatam'
543 3184 621 3238 Venb
704 3184 793 3239 EOV
874 3183 962 3238 Met>
1042 3180 1147 3238 Nenh'
1230 3183 1296 3240 lud

138 3252 175 3308 Ni
193 3254 264 3308 Chae
284 3253 377 3323 uulgo·
394 3254 428 3321 cf.
446 3273 533 3309 nemas
554 3256 711 3308 Maecenatis
736 3258 762 3308 r'n
786 3256 938 3308 Suetoniana
958 3257 1014 3308 uita
1032 3255 1127 3309 Horati
1143 3252 1184 3325 (p.
1203 3271 1237 3321 45
1255 3256 1294 3310 ed.

138 3323 335 3396 reyffmcnn)
344 3294 382 3375 m
393 3330 422 3377 te
434 3323 583 3378 ascensus
595 3325 671 3391 men,
682 3325 790 3391 norati,
799 3325 863 3378 1>1us
875 3324 929 3379 iam
940 3324 1031 3392 diligo,
1039 3330 1072 3378 tu
1080 3330 1160 3377 tuum
1171 3324 1293 3379 sodalem

138 3392 243 3450 Ninnio
254 3393 347 3447 uideas
358 3394 543 3461 strigosiorem
612 3393 665 3448 Nel
678 3397 860 3449 lachmannas
932 3396 1001 3448 meis
1012 3394 1097 3448 oculis
1109 3392 1147 3448 tt.

176 3481 202 3531 3.
238 3463 335 3518 Odisse
348 3466 375 3518 V
438 3465 581 3518 unciniano
593 3465 617 3517 B
628 3485 646 3519 a
658 3485 693 3519 m.
703 3479 745 3537 pr.
759 3463 896 3520 cotan
977 3465 1139 3520 uacciniono
1150 3466 1187 3519 tt.

176 3551 201 3600 5.
237 3533 308 3588 male
326 3554 339 3586 c
356 3535 394 3589 ed.
412 3539 460 3588 Pr.
478 3556 510 3589 ex
528 3535 716 3605 interpolatione
732 3537 869 3604 Italorum,
888 3534 1025 3591 Sabellicus
1139 3538 1214 3589 malis
1234 3545 1292 3588 cett.

139 3606 226 3688 Erras
237 3625 270 3658 ex
276 3617 374 3675 parum
385 3604 506 3660 intellecto
517 3605 591 3659 male
603 3618 673 3661 ortus
686 3607 785 3662 uidetur
871 3606 987 3676 perdere
999 3602 1097 3661 BHhh²
1184 3605 1255 3672 petis
1266 3606 1296 3657 H

204 3690 226 3728 rs
237 3695 264 3729 a.

138 3680 203 3800 pagi
237 3742 445 3799 multamalah’
515 3743 661 3801 dentned.
673 3750 721 3801 Pr.
733 3745 844 3817 uulgoet
859 3747 966 3800 lachen.
1036 3749 1100 3800 dant
1116 3753 1173 3798 cett.
1184 3746 1294 3799 Vossius.

176 3860 202 3910 8.
238 3855 321 3919 Quod
339 3855 375 3907 sit
393 3860 425 3910 ut
444 3856 470 3908 t
582 3868 632 3926 pro
650 3871 681 3910 ac
700 3858 792 3911 habent
810 3864 893 3926 atque
911 3854 964 3910 ιιι1
983 3854 1037 3910 hoc
1058 3856 1088 3909 1>
1103 3860 1151 3909 aut
1171 3874 1190 3908 a
1211 3855 1293 3909 esth

140 3933 169 3981 et
184 3928 332 3981 Dresdensis
404 3942 506 3980 nouum
519 3934 659 3995 repertum
672 3931 765 3981 omissa
775 3928 905 3997 particula
918 3928 1044 3981 Handias.

135 4019 139 4026 ·
175 4014 201 4064 9.
236 3997 304 4050 sulla
317 3998 397 4051 Ala
410 4010 496 4067 m.pr.
560 4000 580 4050 si
594 3999 636 4051 illa
650 3999 779 4052 BCDGH
788 4019 855 4052 corr.
868 3992 1119 4051 LLa¹La²OVahh²
1183 3995 1292 4065 syllaba

139 4069 291 4122 Martianus
304 4067 407 4138 Capella
421 4069 435 4135 §
452 4086 504 4135 2²9
517 4070 580 4122 unde
595 4087 696 4122 uersum
710 4071 875 4122 existimatur
883 4068 1018 4137 protulisse
1031 4068 1135 4121 Ioannes
1148 4067 1292 4121 Saresberi·

139 4141 206 4193 ensis
218 4137 341 4217 Metalog.
354 4142 376 4192 l.
391 4155 423 4203 24
495 4138 620 4193 literator
633 4140 680 4192 GO
692 4141 844 4193 Martianus
857 4139 970 4208 Capella.

178 4225 219 4262 ro.
255 4205 317 4260 miht
335 4207 674 4263 ABCDGHLLAEOahh’c
745 4209 846 4263 maloa
916 4203 994 4261 Μ’.

178 4296 219 4332 rr.
253 4278 439 4347 dispereanth
508 4279 608 4334 laboris
619 4276 656 4334 ῥ’.

177 4365 261 4414 12-15
296 4359 389 4418 posta.
405 4366 417 4414 3
431 4353 609 4421 transponebat
622 4352 743 4420 Scaliger.
818 4366 857 4403 12.
893 4346 1038 4402 horibilem
1051 4347 1083 4402 B.

176 4437 217 4484 13.
254 4419 375 4473 catulum
387 4418 448 4474 La¹.
