2872 5002
539 342 595 401 ΑΙ)
623 341 679 401 ΙΙΙ.
706 345 751 401 16.
1162 350 1220 405 30⁷

67 508 215 564 mouendus
227 509 284 564 eri!
294 528 363 582 quae
368 510 444 585 filiis
457 511 516 567 eius
530 510 626 567 relicta
640 517 708 567 sain!
717 510 792 568 modo
804 511 834 567 si
843 510 935 586 legata
941 509 1009 586 filii
1018 528 1072 568 non
1082 511 1221 588 affectione

59 606 190 680 proprio,
205 606 255 663 sed
270 608 300 663 in
318 608 444 666 honorem
461 609 555 683 patris
576 614 740 667 meruerunt.
783 607 1138 685 Ctid.Dig.39.1,18.
1182 610 1220 670 Et

67 703 113 760 his
134 704 252 779 quidem
274 707 377 764 modo
399 707 427 765 si
452 707 530 766 idem
552 718 595 765 est
616 709 697 783 quod
718 708 862 785 plerisque
884 706 1072 767 dummodo
1084 729 1092 780 3
1119 719 1219 768 auctor

67 802 205 860 carminis
220 803 256 861 de
271 802 353 878 Myia
366 815 499 863 nontam
514 823 566 880 pro
578 804 765 865 dummodo
779 805 930 881 usurpauit
944 823 1034 880 quam
1047 822 1101 881 pro
1115 807 1219 865 modo

67 899 128 957 siue
150 911 217 976 post
231 902 259 960 si
273 902 350 977 quis
365 902 463 961 addito
479 901 653 962 ‘Latrares
674 904 703 962 si
722 904 799 980 quis
818 903 1007 963 adcubaret
1024 902 1142 962 modo’
1157 905 1219 962 siue

67 998 235 1073 praeposito
250 1010 278 1056 et
291 1001 401 1058 omissa
414 1000 553 1076 particula
568 999 686 1060 ‘Modo
704 1001 894 1061 adcubaret
912 1001 1046 1077 aliquis,
1061 1000 1218 1061 latrares'

67 1103 73 1125 ‘
88 1095 154 1155 One
172 1096 229 1155 had
243 1098 295 1155 but
308 1107 339 1156 to
354 1108 416 1156 seat
432 1098 551 1157 himself
559 1099 599 1177 by
613 1099 665 1158 her
679 1099 740 1159 side
754 1099 814 1158 and
834 1118 893 1177 you
909 1100 1006 1159 would
1020 1098 1109 1159 barli?

109 1193 298 1270 Epigramma
312 1194 459 1270 eleganter
472 1197 616 1255 conuertit
629 1197 740 1256 amicus
760 1215 845 1256 meus
868 1196 1039 1258 Shadworth
1053 1196 1094 1255 H.
1109 1195 1218 1274 Hodg-

65 1308 129 1350 son·
231 1373 297 1431 The
318 1384 368 1450 pet
389 1392 423 1434 so
446 1375 544 1452 dainty
564 1375 623 1433 and
645 1394 678 1434 so
700 1376 798 1453 gentle
819 1376 911 1435 deadl

231 1472 349 1533 Nursed
370 1474 401 1532 in
421 1474 473 1532 her
493 1472 630 1533 mistress’
650 1474 708 1550 lap,
729 1474 788 1533 and
809 1474 840 1531 in
860 1473 912 1532 her
931 1475 989 1533 bed

234 1570 354 1647 Nightly
375 1570 510 1647 partaker
531 1570 565 1631 oi
582 1570 633 1628 her
655 1571 742 1647 sleep.
786 1569 813 1630 O
836 1569 888 1647 Fly

230 1668 329 1727 ’Twas
350 1686 459 1745 wrong,
481 1668 561 1726 'twas
582 1686 650 1744 very
670 1685 772 1744 wrong
792 1668 829 1726 os
844 1685 904 1745 you
924 1678 955 1728 to
976 1669 1039 1728 diei

231 1767 259 1822 A
282 1765 353 1823 riual
375 1765 419 1823 for
438 1783 512 1842 your
532 1765 623 1840 lady's
644 1765 748 1823 iauour
768 1776 827 1836 t00,

231 1862 289 1919 For
311 1862 439 1921 didone
461 1862 496 1920 sit
517 1880 535 1921 a
555 1862 625 1921 little
647 1863 749 1934 closer,
770 1881 830 1940 you

232 1958 340 2017 Would
360 1958 440 2031 barli,
462 1978 480 2018 a
500 1960 643 2036 graceless
666 1961 813 2020 libertinet
857 1959 959 2036 OFly

164 2050 166 2054 ’
231 2053 329 2115 'Twas
349 2074 460 2133 wrong,
481 2055 561 2116 'twas
581 2077 649 2134 very
670 2077 770 2134 wrong
791 2056 826 2116 os
843 2075 902 2134 you
922 2068 953 2116 to
976 2058 1037 2117 diei

231 2152 307 2212 Now
328 2153 366 2211 all
386 2154 539 2230 unwilling
559 2172 620 2231 you
640 2156 677 2214 lie
698 2154 799 2214 buried
820 2153 905 2230 deep,

231 2250 295 2309 Nor
316 2268 372 2309 can
393 2250 475 2310 show
495 2251 576 2327 fight,
597 2270 652 2312 nor
673 2271 714 2312 on
735 2253 783 2311 the
804 2252 880 2311 knee
902 2270 958 2310 can
978 2252 1053 2327 leap,

231 2349 280 2408 No
302 2366 384 2408 more
403 2368 461 2426 you
481 2349 578 2426 gleam
599 2369 639 2411 on
660 2370 708 2411 me
730 2351 797 2411 with
818 2351 895 2410 teeth
916 2349 977 2409 that
997 2351 1057 2408 bite

233 2446 268 2504 In
290 2447 387 2523 gentle
408 2447 552 2520 snatches,
573 2448 636 2508 hali
654 2449 688 2508 os
704 2450 779 2526 play,
803 2447 866 2506 hali
883 2447 964 2524 spite.

472 2672 688 2734 EXCVRSVS
710 2674 748 2733 ad
769 2673 806 2733 X.

107 2805 205 2865 Huius
224 2805 358 2864 carminis
372 2823 418 2864 uu
435 2824 515 2881 9-13
535 2806 577 2865 sic
599 2805 767 2865 scribendos
789 2812 889 2864 censet
910 2802 1021 2862 Munro
1043 2801 1218 2881 (Crtit'cisms

64 2906 127 2963 and
137 2903 332 2962 Elucziiotions
346 2922 374 2981 p.
391 2922 429 2978 30
444 2900 522 2980 sqq.)

273 3017 427 3093 Respondi
447 3017 477 3076 id
498 3019 579 3093 quod
602 3026 670 3090 erat,
693 3015 763 3075 nihil
784 3032 880 3091 neque
900 3015 972 3092 ipsis

273 3115 337 3174 Nec
358 3117 541 3192 praetoribus
560 3134 626 3175 esse
647 3134 702 3175 nec
724 3114 845 3174 cohorti.

271 3212 331 3272 Cur
352 3214 507 3290 qnisquam
529 3223 617 3290 caput
636 3214 751 3272 unctius
773 3211 910 3272 referret?

271 3311 442 3371 Praesertim
464 3313 568 3390 quibus
590 3323 666 3372 esset
687 3313 840 3370 irrumator

271 3410 397 3482 Praetor,
420 3429 475 3470 nec
498 3411 604 3470 faceret
625 3411 675 3487 pili
697 3409 857 3469 cohortem.

69 3524 161 3583 allatis
171 3523 205 3582 B.
215 3523 249 3582 C.
259 3524 281 3582 1.
295 3539 331 3599 72
346 3524 455 3584 Caesar
465 3528 495 3584 in
506 3546 565 3584 eom
575 3537 646 3602 spem
658 3529 778 3596 uenerat,
786 3544 814 3582 se
827 3525 991 3597 sampugna
1004 3527 1031 3577 et
1042 3520 1100 3576 sim
1111 3520 1220 3578 uolnere

62 3641 177 3680 suorum
189 3642 245 3680 rem
260 3623 387 3698 conficere
398 3634 482 3699 posse,
493 3625 567 3699 quod
577 3624 809 3701 refrununlaria
820 3619 999 3679 aduersarios
1014 3616 1219 3676 interclusisset.

66 3718 132 3777 Cur
160 3722 241 3776 esaiam
266 3722 379 3780 secundo
393 3722 501 3797 proelio
525 3723 632 3795 aliquos
659 3738 697 3778 ex
722 3722 783 3778 suis
806 3720 964 3777 animaret)
993 3735 1045 3773 cur
1072 3715 1224 3772 uulnerari

56 3823 206 3892 pateretur
219 3821 314 3893 optritae
327 3820 359 3876 de
371 3839 399 3877 sc
413 3821 524 3877 meritos
538 3821 663 3877 milites?
689 3817 753 3879 Cur
767 3819 879 3893 denique
880 3818 1034 3894 fortunam
1044 3814 1219 3889 periclitare—
1323 3828 1328 3841 ·

62 3919 138 3971 tur?
158 3918 321 3989 pracsertim
336 3938 398 3975 cum
413 3937 467 3975 non
480 3924 548 3976 esset
559 3920 651 3976 motus
673 3917 847 3993 imperatorii
867 3916 979 3974 const'lio
992 3924 1124 3989 superare
1136 3929 1218 3986 quam

56 4012 166 4088 gladio.
210 4012 243 4072 B.
259 4013 296 4073 G.
312 4014 335 4074 Ι.
351 4034 399 4087 40.
416 4035 441 4088 2,
456 4015 510 4074 IV.
529 4017 574 4074 16.
592 4035 617 4074 2.

104 4109 161 4167 Vu.
181 4125 228 4184 25,
245 4115 281 4170 26
297 4111 419 4173 fortasse
434 4115 475 4173 sic
490 4115 636 4174 scribendi
649 4124 730 4173 erant

249 4225 378 4300 Quaes0,
399 4229 501 4305 inquit,
523 4229 593 4287 mihi
614 4229 655 4286 mi
677 4226 789 4286 Catulle
810 4224 930 4302 paulum

248 4324 326 4384 Istos
347 4344 563 4386 commoneam.
606 4325 686 4384 Volo
707 4324 744 4383 ad
766 4322 898 4400 Sarapim

248 4423 369 4482 Deserri.

614 4524 630 4562 x
655 4525 668 4561 2
