2872 5002
499 360 864 423 PROLEGOMENA.

256 559 312 621 3ο7
811 542 907 603 Vestis

254 645 312 718 3ο8
374 641 520 719 Purpurea
535 640 627 700 Taios
643 640 808 701 incinxerat
822 640 884 701 Ora

256 760 310 817 3η
811 739 958 798 Amictam

256 848 312 914 3¹3
639 835 735 895 Prona

256 955 313 1013 324
335 935 487 994 Emathiae
500 933 650 994 Tutamen
664 932 739 1010 Opis

256 1047 312 1110 327
641 1031 812 1091 Subtemina

255 1150 271 1208 3
275 1151 314 1208 3ο
335 1130 420 1203 Quae
434 1131 486 1190 tibi
499 1130 687 1190 iiexanimae
700 1128 823 1187 Veneris
836 1131 942 1190 mentis
955 1129 1079 1208 psundat
1093 1139 1192 1193 amore

436 1226 496 1306 (sic,
511 1229 560 1286 sed
569 1226 691 1287 Veneris
703 1232 744 1284 ert
756 1228 828 1284 zirler
841 1234 937 1286 errata

256 1343 315 1404 350
336 1325 413 1386 Cum
428 1325 569 1385 Tremulo
583 1325 711 1384 Incanos

257 1442 315 1502 353
764 1419 960 1484 Praecernens

257 1527 315 1601 363
336 1524 414 1584 Cum
429 1521 539 1581 Terrae

256 1625 313 1700 387
927 1620 1076 1682 Renidens

257 1740 317 1797 390
784 1695 932 1778 Euerdce

257 1838 313 1894 40²
560 1815 710 1875 Poteretur
915 1815 1073 1893 (Muretus)

125 1905 129 1912 ’
165 1917 256 1979 LXV.
299 1920 316 1976 8
522 1916 643 1993 obtegit

281 2035 315 2075 12
683 2011 798 2074 Canam

282 2134 316 2188 14
686 2110 766 2188 Ityos

149 2213 257 2273 LXVL
282 2226 319 2288 25
723 2209 763 2266 At
778 2206 824 2268 Te
838 2225 895 2286 ego
910 2219 985 2269 certe
1119 2209 1261 2292 (Vossircs)

281 2330 317 2386 ²9
339 2309 398 2369 Sed
413 2308 463 2369 Tu

281 2428 319 2485 33
407 2445 415 2460 .
523 2404 708 2465 Praecunctis
721 2421 776 2482 pro
790 2403 866 2462 dulci

280 2526 318 2583 43
531 2504 536 2513 ’
725 2500 859 2560 Maximi]
872 2503 903 2559 in
916 2501 975 2561 oris

282 2607 320 2676 48
524 2599 663 2660 Telorum
677 2617 766 2658 omne
781 2616 874 2676 genus

281 2704 318 2776 56
442 2698 519 2759 Caro

282 2816 319 2874 59
341 2797 455 2858 Scilicet
469 2796 553 2855 Haec
567 2796 648 2854 uario
664 2794 712 2853 Ne
727 2793 795 2853 Sola
809 2796 839 2853 in
852 2794 976 2855 Lumine
991 2796 1063 2857 caeli

282 2910 320 2971 70
382 2895 461 2954 Luce
475 2893 592 2953 Tamen
606 2911 697 2952 canae
712 2893 818 2970 Tethyi
833 2895 968 2954 restituor

284 3008 320 3070 73
808 2991 893 3053 Dinis

286 3107 322 3168 74
565 3089 641 3149 Vere

285 3195 321 3265 78
384 3188 608 3267 Vnguentorum

284 3292 321 3363 84
688 3285 800 3346 Foedat

284 3390 321 3462 85
344 3386 425 3447 Illius
438 3385 518 3445 Aura
531 3384 602 3444 leuis
615 3383 695 3443 dona
709 3385 735 3459 dr
749 3385 829 3443 bibat
842 3382 932 3444 Arida
945 3386 1041 3464 puluis

285 3503 320 3562 91
527 3500 589 3542 non
603 3482 751 3542 Monstres
764 3500 829 3542 esse
844 3481 903 3542 Tui
916 3501 964 3543 me

285 3601 321 3661 92
647 3580 742 3640 Affice
866 3579 1021 3661 (Scaliger)

286 3703 322 3758 93
487 3680 625 3740 Retinent

286 3799 324 3855 94
345 3778 497 3838 Proximus
512 3777 684 3854 Hydrochoi
698 3776 806 3853 fulgeat
820 3775 948 3851 Erigone

142 3876 266 3938 LXVII.
284 3891 317 3952 17
342 3876 422 3949 Quid
435 3875 548 3935 Possim

288 3979 323 4034 18
386 3975 451 4034 Nos
464 3973 599 4033 uolumus
613 3974 697 4032 uobis
712 3973 815 4032 dicere.
857 3973 920 4033 Cat.
935 3972 981 4031 Ne
996 3970 1095 4030 dubita

288 4091 323 4148 3²
429 4072 556 4131 Chineae
571 4072 722 4148 supposita
736 4071 871 4150 speculae

288 4191 325 4246 33
491 4168 650 4230 Praecurrit
828 4168 908 4230 Mela
923 4167 1089 4244 (praecurrit
1105 4167 1268 4250 Cluuerius)

288 4288 325 4344 34
693 4267 777 4326 Tuae
794 4266 947 4344 (Scaliger)

124 4367 264 4427 LXVIII.
274 4364 337 4446 (54)
645 4365 756 4424 Manlia
1000 4362 1171 4446 (Turnebus)
