2872 5002
455 1457 957 1551 PRAEFATIO.

152 1736 272 1849 QVOD
288 1795 369 1837 anno
385 1777 504 1837 demum
523 1781 597 1852 1878
613 1779 709 1855 prodit
723 1780 794 1838 haec
810 1797 888 1838 noua
903 1777 1006 1838 Catulli
1020 1776 1118 1848 editio,
1140 1794 1208 1836 cum
1222 1777 1280 1835 iam

147 1896 264 1964 quattuor
276 1896 344 1944 ante
359 1902 455 1944 annos
470 1884 616 1961 postulata
630 1884 722 1956 fuerit,
734 1887 843 1945 multae
858 1897 925 1945 sunt
939 1903 1060 1957 causae;
1083 1884 1136 1943 sed
1149 1883 1218 1942 nihil
1232 1902 1281 1942 me

143 1994 225 2069 magis
245 1992 377 2068 impediit
399 1990 437 2049 ad
458 1990 530 2049 baec
551 1990 737 2050 festinantem
758 2010 846 2068 quam
872 1991 1073 2050 commentarii
1093 2007 1169 2062 cura,
1193 2006 1282 2067 quem

142 2100 181 2158 diu
204 2117 240 2158 ac
261 2097 415 2174 diligenter
440 2098 638 2174 conscriptum
661 2117 740 2156 anno
767 2100 842 2172 1876
865 2097 992 2173 uulgaui.
1035 2096 1064 2155 Is
1080 2097 1152 2155 liber
1172 2106 1283 2172 quanto

140 2208 230 2266 labore
243 2204 323 2261 'mihi
338 2204 508 2274 eonstiterit,
523 2222 583 2261 non
598 2203 690 2280 fugiet
703 2205 842 2280 legentes,
858 2205 958 2262 saltem
974 2205 997 2263 si
1012 2221 1080 2263 cum
1101 2212 1282 2261 commenta-

139 2316 180 2373 riis
205 2311 404 2388 compararint
429 2327 504 2386 quos
529 2309 568 2368 ad
595 2310 625 2368 id
650 2327 742 2386 usque
767 2319 883 2386 tempus
911 2310 1040 2369 contenti
1064 2310 1283 2368 euoluebamus.

140 2393 348 2492 Quaecumque
367 2416 446 2474 enim
467 2416 539 2474 mihi
552 2434 570 2474 1
585 2417 706 2492 pueritia
720 2435 835 2493 semper
849 2417 879 2474 in
896 2417 940 2475 his
959 2416 1060 2474 studiis
1077 2426 1200 2487 uersato,
1216 2414 1285 2473 inde

138 2536 232 2586 autem
253 2525 292 2581 ab
314 2539 393 2581 anno
415 2525 492 2596 1859
507 2539 629 2598 operam
648 2523 679 2580 in
694 2520 807 2582 Catullo
829 2523 986 2599 praecipue
1008 2523 1137 2597 ponenti,
1153 2539 1286 2580 occurre·

137 2632 202 2689 bant
218 2647 295 2706 quae
316 2628 412 2687 lucem
434 2640 554 2705 possent
568 2639 674 2703 poetae
688 2628 848 2699 offundere,
864 2627 936 2686 hacc
956 2629 986 2685 in
1004 2626 1137 2685 ordinem
1155 2627 1287 2702 redigere

138 2755 195 2796 non
218 2736 292 2793 leuis
313 2752 400 2793 curae
424 2734 483 2792 fuit.
526 2734 629 2811 Itaque
652 2752 740 2794 nemo
765 2734 913 2793 mirabitur
933 2753 981 2792 me
1003 2734 1215 2793 commentario
1235 2734 1286 2793 de·

138 2853 246 2902 tentum
267 2840 304 2898 ad
325 2842 443 2900 alteram
461 2859 560 2899 curam
583 2851 678 2900 textus
699 2841 870 2901 recensendi
891 2840 999 2900 tardius
1021 2859 1075 2899 nec
1098 2841 1214 2900 nonnisi
1236 2859 1287 2918 per

138 2948 285 3006 interualla
299 2947 428 3006 rediisse.
470 2945 533 3005 Etsi
548 2946 626 3005 enim
641 2945 766 3022 uulgatis
781 2945 931 3005 Behrensii
950 2947 1098 3006 Analectis
1119 2946 1288 3006 Catullianis

139 3051 243 3132 (1874)
269 3053 484 3129 Prolegomena
511 3071 577 3110 mea
606 3053 709 3111 iterum
736 3063 887 3112 retractare
916 3070 1080 3129 coeperam,
1103 3071 1196 3130 eaque
1220 3070 1288 3129 pars

138 3160 220 3220 huius
242 3159 305 3217 libri
329 3177 397 3218 cum
420 3159 596 3218 carminibus
620 3157 745 3216 I-XXX
770 3161 942 3235 insequente
967 3177 1045 3218 111110
1070 3160 1211 3236 impressa
1236 3168 1287 3228 est,

140 3269 254 3327 ulterius
269 3265 407 3343 progredi
421 3265 593 3341 religionem
615 3266 703 3325 habui
725 3266 819 3324 donec
842 3266 1105 3343 interpretationem
1128 3266 1290 3324 carminum

140 3391 197 3432 non
212 3371 408 3430 absoluissem
421 3370 513 3428 modo
529 3370 580 3429 sed
596 3371 682 3428 etiam
697 3370 812 3445 publice
827 3370 991 3430 edidissem.

178 3477 271 3550 Quod
299 3495 357 3552 ego
384 3477 495 3552 primus
519 3475 552 3534 in
582 3476 709 3535 editione
734 3477 804 3535 anni
836 3477 910 3550 1867
941 3476 1066 3536 feceram
1095 3489 1127 3536 ut
1158 3478 1291 3537 codicem

142 3583 374 3643 Canonicianum
405 3600 443 3657 30
468 3580 522 3659 (0)
549 3583 694 3658 integrum
724 3582 898 3655 exhiberem,
925 3584 1051 3659 neglexit
1083 3584 1112 3643 id
1144 3585 1291 3644 Lucianus

143 3690 306 3759 Muellerus
343 3689 392 3764 qui
428 3689 457 3745 in
495 3688 673 3764 praefatione
709 3689 843 3748 editionis
880 3708 947 3749 suae
988 3691 1094 3769 (1870)
1131 3690 1201 3748 nihil
1237 3691 1291 3747 sibi

143 3797 265 3856 adfuisse
302 3796 405 3854 dixerit
438 3796 622 3853 instrumenti
654 3796 742 3854 critici
771 3797 825 3854 nisi
858 3798 939 3873 quod
972 3797 1115 3857 Sclrwabii
1145 3796 1293 3870 diligentia

144 3912 349 3980 comparasset,
389 3902 526 3978 idemque
568 3920 604 3959 ex
648 3901 840 3961 Germanensi
883 3903 1078 3962 Laurentiano
1123 3900 1292 3961 Colbertino

144 4009 259 4069 Datano
281 4009 381 4081 multa,
403 4027 440 4066 ex
464 4009 668 4068 Canoniciano
695 4009 765 4067 nihil
787 4011 970 4087 excerpserit.
1013 4009 1110 4067 Huius
1134 4008 1292 4085 discipulus

147 4114 328 4185 Behrensius,
364 4116 504 4190 magistro
540 4133 593 4174 suo
636 4114 829 4193 nequaquam
860 4135 912 4191 par
947 4125 1005 4172 artc
1041 4114 1167 4188 metrica,
1203 4135 1292 4194 sagax

148 4221 208 4280 crisi
237 4221 383 4291 codicum,
411 4221 586 4298 comparatis
610 4240 683 4298 quae
708 4221 738 4278 in
766 4222 823 4280 GO
847 4221 1023 4296 caeterisque
1048 4240 1065 4281 a
1089 4240 1136 4281 me
1160 4224 1292 4282 exhibitis

714 4329 732 4383 b
