2872 5002
460 388 823 449 PROLEGOMENA.
1196 389 1215 448 li

108 573 138 632 C.
174 574 365 634 Colbertinus
390 575 419 632 in
445 574 517 633 Bibl.
539 574 628 633 Paris.
656 577 744 649 8234,
767 576 1007 634 membranaceus
1029 574 1122 634 sonna
1143 593 1215 652 qua-

74 674 184 730 ternaria
200 692 279 732 saec.
295 673 361 731 XV.
403 673 485 732 Folia
506 674 594 732 habet
616 677 673 749 833
699 676 774 747 1-38
791 672 942 731 continent
956 673 1063 732 Tibulli
1077 675 1214 746 carmina,

72 774 161 845 38-83
185 770 343 831 Catullum.
380 771 452 831 Folii
475 775 513 846 38
534 773 565 829 in
586 773 700 830 sinistra
721 772 830 847 pagina
856 771 956 848 incipit
981 771 1013 843 Q.
1041 770 1214 830 VALERI.

71 869 114 928 ca
123 869 265 927 TVLLI
281 869 524 928 VERONENS.
539 869 603 928 AD
619 868 808 931 CORNEL.
824 868 1054 928 NEPOTEM.
1072 869 1213 928 LIBER

70 963 200 1023 CARM.
217 965 242 1023 I
256 983 349 1042 usque
369 966 406 1023 ad
424 967 474 1023 dria
488 967 612 1042 ligulam.
654 967 736 1025 Folia
760 968 858 1042 39-60
881 975 1017 1026 constant
1038 967 1152 1040 paginis
1176 979 1211 1039 27

68 1081 208 1134 uersuum,
230 1081 308 1140 quae
330 1073 465 1123 secuntur
496 1068 542 1123 28.
596 1064 728 1124 Collatus
750 1074 794 1124 est
814 1083 868 1141 pro
890 1082 938 1122 me
960 1063 1213 1122 accuratissimos

66 1161 97 1221 C.
110 1162 148 1220 D.
163 1160 312 1222 Cobham.

100 1260 138 1318 Α,
174 1261 398 1331 Ambrosianus,
421 1261 450 1318 in
472 1261 545 1320 Bibl.
567 1262 762 1321 Ambrosiam
784 1259 946 1319 Mediolani
961 1259 1003 1317 M.
1021 1261 1068 1334 38.
1110 1259 1211 1318 Carta·

66 1376 138 1428 cens,
161 1358 238 1417 loliis
254 1373 302 1434 53,
324 1377 450 1436 quorum
475 1361 600 1436 paginae
622 1359 753 1434 singulae
779 1377 813 1415 22
837 1375 939 1417 uersus
961 1356 1077 1416 habent.
1133 1356 1213 1416 Vidit

66 1475 127 1514 eum
149 1454 293 1532 Olgiacus
320 1474 399 1515 anno
424 1460 510 1532 1603,
532 1468 563 1515 ut
584 1467 704 1516 testatus
733 1467 776 1514 est
804 1457 866 1532 ipse
887 1455 935 1514 uel
963 1455 1034 1513 alius
1055 1455 1210 1531 quispiam.

67 1552 151 1611 Hunc
173 1554 238 1630 ipse
259 1554 369 1613 contuli
387 1573 400 1625 ς
417 1556 572 1630 quaedam,
594 1555 631 1614 de
653 1556 758 1632 quibus
779 1554 915 1612 incertior
936 1553 1055 1624 lucram,
1076 1552 1154 1611 misit
1174 1552 1212 1611 ad

65 1668 115 1720 me,
131 1649 257 1728 Philippi
272 1651 367 1727 Pusey
380 1665 493 1728 rogatu,
509 1654 544 1711 A.
562 1652 685 1724 Ceriani,
694 1653 876 1730 praepositus
890 1650 1091 1710 bibliothecae.

101 1748 143 1806 Hi
169 1760 228 1808 tres
252 1749 369 1808 codices
391 1749 497 1828 (LCA)
520 1753 664 1811 artissimo
686 1752 803 1810 uiuculo
826 1751 971 1810 societatis
992 1750 1066 1809 inter
1087 1767 1118 1809 se
1140 1768 1211 1809 oon·

64 1847 227 1923 iunguntur.
258 1847 317 1906 Sed
330 1848 458 1924 priorum
471 1849 549 1924 (LC)
560 1860 673 1908 tantum
688 1861 755 1908 ante
770 1869 818 1909 me
833 1848 926 1907 editae
943 1857 1010 1907 sunt
1024 1848 1209 1921 collationes;

64 1945 190 2021 Heysius
212 1947 290 2004 enim
305 1948 354 2022 qui
369 1946 597 2005 Ambrosianum
616 1948 734 2012 uiderat,
750 1947 821 2004 nihil
843 1965 879 2005 ex
900 1964 937 2005 eo
958 1946 1095 2022 uulgauit
1140 1945 1210 2005 Non

63 2043 97 2101 de
117 2043 175 2102 hoc
198 2044 267 2102 dicit
287 2043 410 2103 Vossius
438 2063 487 2120 pp.
513 2060 579 2118 215,
604 2064 671 2120 329,
696 2047 762 2115 284,
786 2044 838 2103 sed
860 2043 896 2101 de
925 2043 947 2101 I.
971 2047 1007 2118 67
1030 2054 1062 2102 ut
1082 2044 1210 2104 Ceriano

62 2142 181 2213 uidetur,
197 2143 279 2201 cuius
297 2142 369 2200 haec
383 2143 473 2200 uerba
487 2155 562 2202 sunt.
605 2144 667 2201 ‘Ex
689 2142 861 2202 lectionibus
875 2141 973 2200 Vossii
988 2141 1067 2219 (edit.
1083 2141 1208 2201 Londin.

62 2239 172 2317 ‘1684)
189 2239 228 2298 ad
246 2239 342 2298 Carm.
358 2245 405 2312 64.
424 2261 476 2316 194
493 2249 655 2317 pasmarlal,
673 2242 711 2300 ad
733 2242 828 2300 Carm.
852 2261 899 2317 99.
919 2260 955 2299 10
973 2241 1119 2316 Tanquam
1140 2259 1209 2297 com-

63 2341 152 2396 ‘mllte
165 2350 270 2415 spurca
282 2339 376 2396 aalma
391 2346 496 2415 gallae,
512 2342 605 2399 codex
621 2340 855 2400 MediolanensIs
870 2340 930 2398 eius
941 2339 1151 2397 uetustissimus
1166 2349 1209 2396 est

62 2435 101 2494 Ἰ.
116 2438 165 2510 67,
181 2437 232 2513 qui
245 2456 321 2495 unus
335 2438 376 2496 sic
390 2438 459 2515 legit
473 2459 509 2498 ex
524 2441 726 2498 Ambrosianis
741 2440 770 2496 in
785 2448 909 2513 utroque
924 2437 999 2508 loco,
1012 2437 1065 2494 nisi
1080 2435 1163 2511 quod
1178 2437 1208 2493 in

61 2535 173 2608 ‘primo
188 2533 256 2593 loco
271 2535 372 2594 diuidit
378 2543 444 2611 pasl
451 2544 552 2612 portal,
563 2549 592 2597 et
603 2539 632 2596 in
647 2548 677 2594 2⁰
691 2537 799 2612 Tamq3.
842 2534 952 2592 Verum
964 2532 1061 2592 Carm.
1077 2532 1208 2590 LXVIII

60 2629 190 2708 ‘lVossii
205 2651 232 2708 p.
251 2637 321 2706 284)
337 2633 405 2710 legit
420 2636 537 2711 quidem
557 2656 674 2695 uersum
698 2634 871 2710 exemplaris
890 2630 1118 2690 Mediolanensis
1138 2641 1170 2688 ut
1191 2648 1208 2687 a

62 2728 188 2788 ‘Vossio
209 2730 334 2797 affertur.
357 2732 409 2790 sed
431 2751 491 2791 non
513 2734 600 2793 habet
621 2736 651 2792 in
676 2735 809 2810 margine
831 2731 932 2790 Seneca
955 2730 1098 2806 suppleuit,
1119 2746 1208 2804 quam

60 2819 181 2886 ‘notam
196 2826 285 2886 habet
299 2829 389 2887 minio
402 2841 550 2890 exaratam
565 2833 669 2891 eadem
685 2851 776 2891 manu
791 2849 826 2890 ac
845 2840 948 2902 textus,
969 2847 1030 2887 non
1043 2828 1207 2887 charactere

60 2926 247 2998 ‘maiuscula
269 2927 362 2985 codex
383 2928 595 2989 Ambrosianus
625 2930 663 2988 H.
689 2934 737 3002 46,
760 2929 809 3006 qui
838 2939 936 2988 tamen
964 2944 1025 2985 non
1053 2927 1084 2982 ln
1110 2924 1208 2982 lmia'zi

59 3024 127 3081 ‘sed
141 3025 292 3082 extremis
306 3024 383 3101 legit,
398 3037 425 3085 et
440 3027 658 3087 iniectionibus
674 3028 789 3086 duabus
810 3044 898 3103 supra
919 3025 1009 3084 allatis
1024 3023 1169 3083 discordat
1190 3040 1208 3080 a

60 3122 180 3180 ‘codice
201 3121 224 3179 I.
247 3124 284 3195 67
296 3142 304 3195 ;
326 3123 365 3181 ita
385 3135 416 3183 ut
437 3124 514 3184 bunc
535 3127 657 3185 omnino
680 3128 801 3185 arbitrer
821 3144 885 3184 esse
908 3125 1040 3183 codicem
1062 3141 1080 3180 a
1101 3121 1208 3181 Vossio

58 3219 187 3279 ‘dictum
206 3219 466 3292 Mediolanensem,
482 3234 510 3282 et
524 3224 603 3284 hunc
618 3226 710 3284 ubam
726 3243 818 3282 unum
833 3242 900 3282 cum
915 3222 1004 3281 altero
1019 3222 1121 3281 codice
1136 3239 1207 3280 con·

57 3316 184 3376 ‘fudisse
198 3317 229 3374 in
243 3316 310 3376 loco
325 3319 362 3376 ad
377 3319 473 3378 Carm.
490 3320 546 3379 68!

97 3414 135 3473 B.
165 3414 369 3486 Bononiensis,
398 3437 436 3493 94
466 3418 664 3479 Bibliothecae
695 3419 867 3478 Monasterii
896 3418 975 3494 quod
1012 3434 1090 3475 anno
1128 3415 1205 3496 1863

56 3511 86 3570 S.
102 3512 260 3571 Saluatoris
275 3513 327 3572 luit
342 3515 500 3574 Bononiae.
530 3517 775 3576 Membranaceus
790 3527 841 3587 est,
856 3518 943 3574 habet
955 3514 1099 3575 Catullum
1114 3532 1205 3573 unum

55 3610 131 3670 loliis
147 3627 184 3685 53
201 3630 335 3670 uersuum
352 3628 397 3688 25.
441 3615 537 3672 Prima
558 3617 666 3691 pagina
687 3617 820 3692 leguntur
841 3615 981 3673 XXXIV.
1001 3612 1204 3688 15—XXXV.

60 3727 94 3780 14
114 3708 145 3766 T
139 3729 159 3765 u
173 3716 268 3783 polens
289 3713 377 3768 trium
398 3720 424 3769 el
443 3719 502 3770 nala
522 3712 731 3788 es-Dmaymz·
741 3716 877 3772 dammam
898 3735 937 3773 ex
957 3733 984 3770 ea
1005 3712 1106 3770 miselle
1119 3712 1205 3770 altera

55 3805 180 3864 XXXV.
207 3807 424 3881 15—XXXVI.
448 3824 462 3883 7
489 3809 572 3887 Ignes
596 3814 750 3870 tmlcrlarem
771 3814 856 3870 edun!
875 3811 1203 3883 medullam—tardabam

53 3923 114 3980 quo
137 3906 282 3964 uocabulo
305 3907 402 3966 clausa
423 3918 467 3966 est
496 3909 622 3969 necdum
644 3911 724 3969 finita
754 3913 879 3987 pagina:
910 3909 992 3967 tertia
1020 3909 1204 3983 prooemium

55 4002 207 4061 Ciceronis
221 4004 283 4061 libri
298 4005 343 4062 De
359 4005 469 4065 Officiis
488 4005 661 4082 Quamquam
677 4016 710 4080 le,
726 4005 1110 4084 lllarcefiliL-Quamalrem
1125 4024 1203 4079 umg-

53 4112 150 4177 napere
170 4109 194 4158 le
213 4109 296 4173 arlor,
312 4105 353 4160 mi
367 4103 472 4175 Cicero,
488 4111 520 4161 ul
539 4124 591 4162 nau
613 4107 698 4164 salum
721 4109 855 4164 arationes
869 4125 942 4163 uaeas
963 4104 1012 4161 scd
1028 4104 1076 4159 has
1097 4103 1177 4160 elram
1190 4125 1201 4161 :

52 4210 156 4275 quarta
178 4201 321 4276 quaedam
343 4201 444 4260 LatIne
467 4204 579 4278 scripta,
596 4204 646 4263 sed
667 4207 705 4262 ita
727 4216 757 4262 ut
778 4223 837 4262 non
858 4204 979 4262 omnino
1001 4202 1095 4276 legere
1116 4214 1201 4277 potu·

52 4298 133 4354 erim.
176 4297 232 4354 Isle
255 4297 385 4356 Catullus
404 4307 445 4357 ml
462 4301 618 4359 Fraucr‘sci
629 4301 761 4359 Barbari
780 4303 871 4359 Venele'
880 4302 1059 4375 palrt'azi'qua
1074 4327 1118 4364 .Λ.
1134 4319 1158 4358 c.
1173 4321 1200 4361 ν.

52 4392 156 4451 Ianz'na
174 4396 304 4452 caradzma
324 4415 373 4452 suo
393 4399 509 4456 danatus
529 4407 575 4470 erl,
590 4420 650 4457 cum
672 4420 699 4457 eo
717 4403 800 4474 prius
821 4398 941 4456 lanima
1057 4399 1093 4456 ab
1106 4399 1200 4459 haus-

602 4516 650 4555 aa
