2872 5002
560 321 784 383 EXCVRSVS.
1189 333 1246 388 343

96 481 201 540 Fcclix
224 501 297 540 aara
325 482 476 542 Calaascics
492 486 613 559 sautum
637 484 780 544 Maamics
807 484 963 547 Maarcsics
985 495 1070 547 nauta
1097 486 1248 548 Paucilius

96 580 211 656 Paapia
232 588 378 655 paastarcs
405 580 533 639 Staatius
568 583 697 642 Vaarcics.
740 584 825 656 Quae
848 604 915 645 cum
937 606 954 646 a
975 589 1126 663 geminent
1146 599 1247 664 utpote

98 680 270 755 productam
286 679 363 736 idem
378 680 465 739 credo
480 682 566 738 etiam
582 681 611 738 in
634 682 740 741 Varum
755 685 868 754 cadere,
884 703 952 743 nam
968 703 1022 744 nec
1045 686 1126 743 Valla
1147 686 1248 744 Fellix

95 778 200 843 sottum
215 776 358 834 titanm'us
379 778 500 835 Varrrics
515 778 669 838 Romanos
684 799 739 839 nec
753 799 824 840 uero
847 783 970 840 Varrum
985 783 1100 843 dixisse.
1135 782 1249 842 Eadem

99 874 159 932 fere
184 874 364 937 Weichertus
388 875 425 932 de
453 875 486 932 L.
510 874 601 935 Vario
626 896 654 952 p.
679 896 696 948 4
721 881 801 936 ‘non
826 878 947 937 dubium
975 890 1019 938 est
1044 880 1115 956 quin
1139 879 1249 939 Vatrus

100 974 283 1031 ‘inauditum
312 972 456 1032 Romanis
478 991 587 1032 nomen
616 974 685 1032 solis
712 974 833 1036 librariis
861 995 1021 1054 eorumque
1046 976 1250 1054 neglegentiae

101 1082 109 1104 ⁸
125 1071 262 1129 debeatur
271 1071 298 1128 ¹.'

142 1191 238 1252 Multo
253 1195 380 1252 crebrius
393 1195 467 1253 inter
489 1194 581 1252 Varus
602 1195 706 1254 Varius
719 1195 861 1255 fluctuant
876 1198 1002 1257 codices

47 1371 141 1449 Verg.
157 1371 218 1432 Eel.
234 1373 286 1431 VI.
300 1393 334 1432 12
361 1373 449 1445 Quam
461 1374 519 1433 sibi
529 1395 596 1450 quac
607 1375 689 1433 Vari
697 1378 883 1454 praescripsit
891 1380 999 1456 pagina
1010 1397 1105 1438 namen
1115 1378 1156 1460 (V
1157 1376 1247 1438 nun
1260 1373 1304 1455 F)

50 1470 130 1529 Hor.
154 1470 183 1529 S.
205 1470 226 1529 I.
251 1487 277 1545 5.
301 1491 339 1543 40
360 1471 473 1530 Plotius
485 1479 513 1530 ct
524 1472 648 1532 Varius
663 1473 811 1533 Sinuessae
829 1475 1021 1551 Vergiliusque

299 1589 337 1645 93
359 1570 505 1628 Flentibus
517 1571 564 1628 hic
578 1571 700 1630 Varius
714 1574 827 1630 discedit
839 1581 957 1632 maestus
970 1576 1068 1632 amicis

262 1669 288 1724 6.
302 1682 339 1740 55
365 1667 490 1754 Optamus
504 1668 566 1726 alim
590 1669 738 1745 Vergilius,
747 1672 862 1745 posthac
876 1672 999 1730 Varius

263 1789 290 1843 9.
307 1788 342 1843 23
365 1768 405 1827 Si
415 1768 477 1827 benc
489 1775 513 1826 tc
524 1771 593 1827 naui
603 1789 657 1828 nan
678 1770 786 1830 Viscum
794 1773 891 1847 pluris
906 1776 1033 1845 amrium,

368 1866 436 1925 Nan
449 1866 589 1926 Varium
591 1870 689 1946 saccas

250 1984 293 2023 10.
307 1984 345 2036 44
354 1965 437 2043 sorte
449 1976 508 2040 epos
521 1985 586 2023 acer
606 1967 640 2024 Vt
652 1986 727 2025 ucma
740 1965 863 2027 Varius
878 1968 955 2025 ducit

59 2063 138 2141 Epp.
168 2062 207 2121 11.
236 2081 260 2120 1.
288 2076 343 2137 247
366 2063 538 2122 Dc'lcctitibi
555 2064 694 2141 Vergilius
706 2065 1002 2141 Variusquepactae

204 2160 240 2221 Α.
255 2160 288 2219 Ρ.
304 2176 342 2235 55
372 2160 491 2238 Vergilio
505 2160 679 2238 Varioque

58 2335 118 2394 His
133 2345 245 2411 septem
259 2334 331 2393 locis
345 2334 391 2393 alii
405 2334 523 2392 codices
537 2334 685 2406 Varium,
700 2335 747 2394 alii
762 2333 889 2393 Varum
904 2334 1028 2407 habent;
1051 2334 1081 2391 in
1097 2332 1156 2394 Sat.
1167 2333 1207 2391 11.
1220 2335 1248 2393 8.
1262 2352 1309 2408 21,

61 2436 100 2509 63
116 2433 257 2492 Varium
272 2432 381 2491 Kelleri
396 2443 424 2491 et
438 2432 572 2504 Holderi,
587 2443 619 2491 ut
632 2433 755 2504 uidetur,
770 2451 885 2492 omnes.

100 2590 236 2648 Donatus
250 2590 280 2646 in
294 2587 363 2647 Vita
373 2587 482 2664 Vergili
497 2588 539 2666 (in
554 2588 678 2647 Scholiis
693 2587 892 2647 Beruensibus
906 2587 952 2645 ed.
964 2586 1083 2663 Hagen,
1093 2604 1141 2663 pp.
1155 2590 1309 2661 734-745)

65 2757 103 2797 10
124 2739 272 2795 cunctatum
286 2757 304 2794 a
318 2736 423 2795 Vario
437 2738 478 2793 ad
487 2738 693 2794 commum'ancm
708 2738 758 2793 sui
876 2734 988 2793 Vareo
1003 2733 1098 2792 codex
1112 2732 1144 2790 P
1157 2732 1277 2808 Hageni

66 2855 102 2911 ¹9
125 2836 259 2893 Asamum
273 2835 425 2893 Pollionem
438 2833 645 2909 Alphcnumquc
657 2833 786 2893 Varum
879 2831 1004 2891 Varum
1019 2831 1105 2891 codd.
1122 2849 1228 2889 omnes

66 2947 102 3010 37
128 2953 166 2992 cx
180 2934 287 3008 reliqua
302 2932 336 2991 L.
350 2932 489 2991 Varium
503 2938 530 2988 ct
540 2931 664 2990 Plotium
682 2931 799 2990 Tuccam
881 2929 1020 2988 Varium
1033 2928 1314 2999 G,ValeriurnBP

69 3036 105 3107 38
132 3031 221 3089 Tucca
235 3038 309 3089 uetat
320 3030 512 3106 Variusque
524 3031 612 3088 simul
881 3026 991 3087 Varus
1004 3025 1037 3084 R
1052 3025 1294 3103 Reyfferscheidii

68 3151 106 3207 39
128 3129 242 3205 Egerat
253 3149 313 3186 cum
328 3129 432 3188 Vario
446 3128 609 3186 utAcncc'da
622 3127 791 3186 combureret
883 3124 975 3184 Varo
989 3124 1052 3183 BR
1067 3135 1095 3183 et
1109 3135 1256 3184 corrector
1270 3123 1302 3182 P

69 3248 106 3302 4ο
130 3227 227 3285 Eidm
241 3226 347 3286 Vario
361 3247 394 3285 ac
407 3227 495 3285 simul
509 3225 613 3282 Tuccae
880 3222 985 3293 Vario
1000 3221 1038 3293 B,
1053 3220 1145 3280 Varo
1159 3220 1192 3278 R

68 3347 104 3400 41
129 3325 231 3382 Edidit
241 3333 350 3383 auctare
362 3323 492 3401 Augusta
504 3323 629 3382 Varius
885 3318 992 3389 Varos
1007 3317 1045 3389 B,
1060 3317 1171 3376 Varus
1185 3314 1217 3372 R

68 3445 104 3498 42
128 3424 267 3482 Varium
281 3424 397 3481 duarum
408 3423 544 3480 librarum
554 3421 675 3479 ordimem
686 3426 861 3477 commutasse
881 3417 1017 3491 Varium
1031 3415 1070 3488 B,
1085 3415 1210 3474 Varum
1224 3413 1257 3471 R

68 3526 85 3580 6
88 3542 105 3597 3
208 3522 373 3579 triumuiros
386 3522 467 3597 agris
480 3519 633 3576 diuidendis
646 3516 772 3576 Varum

128 3622 281 3706 Pallcamm
295 3627 321 3677 ct
333 3619 492 3679 Cornelium
510 3616 624 3677 Gallum

67 3724 106 3779 68
129 3719 220 3778 Sexta
235 3715 368 3797 (Eclaga)
381 3720 596 3790 μεταμορφώσεις
609 3722 636 3773 ct
648 3713 752 3771 dicitur

129 3818 239 3876 Varus
253 3816 298 3873 uel
310 3814 421 3874 Silenus

155 4034 296 4092 Martialis
309 4032 393 4090 VIII.
414 4034 458 4089 18.
475 4045 490 4106 7
506 4030 550 4088 Et
561 4030 665 4089 Vario
679 4032 761 4089 cessit
769 4028 899 4087 Romani
908 4026 987 4084 laude
1001 4024 1131 4082 cothurni

237 4129 355 4210 (Vario
368 4130 507 4208 plerique,
522 4128 614 4188 Varo
629 4129 739 4189 Varro
753 4124 814 4204 alii)

147 4345 156 4376 ¹
173 4348 259 4395 Nescio
273 4347 327 4408 quid
339 4345 459 4394 Victorino
470 4345 615 4392 tribuendum
631 4341 661 4392 sit
672 4343 704 4391 sic
715 4339 863 4404 praecipienti
878 4338 978 4402 24571’.
992 4349 1021 4386 10
1033 4336 1064 4384 K.
1076 4335 1125 4383 Per
1135 4334 1183 4383 duo
1195 4348 1208 4382 r
1219 4332 1268 4381 Ar-

114 4431 222 4478 runtium
237 4429 341 4477 Varrum
352 4427 534 4489 curritscrrum·
