2872 5002
154 334 213 388 224
560 327 617 389 DE
645 327 907 390 PARTITIONE

148 488 211 540 mi
225 484 272 541 δι’»
284 481 404 560 quidem
418 485 458 543 tbi
472 486 609 557 maxime,
620 486 670 544 ubi
684 484 815 544 Ariadna
827 485 964 542 maritum
979 491 1104 561 quaerat
1117 501 1154 542 ac
1167 482 1287 561 deploret,

152 583 476 657 178-187,198-201;
498 585 644 656 ιοτότροῖο
658 584 708 641 nbi
730 581 912 641 Eumenidas
933 593 1069 659 precetur
1082 592 1116 640 ut
1136 582 1192 641 sibi
1210 583 1289 641 adsit
1332 622 1335 661 1

149 679 472 758 ulturae.(192-197.)
515 680 651 757 Deanue
675 681 753 739 hanc
777 683 936 754 συμμετρία
961 698 1112 757 nusquam
1141 682 1232 757 magis
1254 698 1289 738 re·

149 780 236 856 periri
259 797 347 855 quam
376 781 407 837 in
430 780 657 856 epigrammatis,
682 781 852 855 praesertim
877 791 947 837 octo
968 797 1119 837 uersuum.
1163 777 1219 837 Sed
1242 780 1289 836 iant

150 888 236 934 antea
249 877 364 952 Anglus
386 877 414 933 ni
437 876 521 934 fallor
543 878 572 934 in
594 876 718 953 Ephem
742 876 834 934 Class.
856 875 907 934 IV.
925 892 992 951 297,
1008 875 1078 934 XV.
1096 892 1164 950 107,
1178 895 1203 934 o
1218 874 1289 933 XXX

148 974 249 1050 Affine
262 975 402 1032 immemor
415 983 494 1050 olqm·
508 977 649 1032 unanimis
657 977 741 1053 salse
753 976 893 1032 sodalibus
913 975 942 1032 in
965 986 1024 1034 tres
1038 974 1179 1051 strophas
1192 985 1291 1049 quatet-

148 1089 253 1129 nomm
273 1090 410 1131 uersuum
432 1075 586 1144 diuIserat;
609 1074 775 1150 feceratque
796 1075 874 1132 idem
896 1073 1107 1132 Lachmannus
1127 1074 1159 1131 in
1181 1073 1291 1132 editiore

147 1168 253 1227 Catulli
279 1171 374 1247 priore
397 1170 515 1248 (1829).
559 1172 665 1231 Postea
685 1173 715 1229 in
741 1171 858 1247 Bergkii
881 1182 911 1229 et
936 1171 1072 1230 Caesaris
1100 1169 1182 1229 Diar.
1204 1170 1289 1248 Antio,

150 1270 228 1339 1845
251 1286 280 1344 p.
302 1287 359 1342 39²
383 1269 412 1325 In
435 1287 486 1326 sex
508 1269 643 1346 strophas
665 1269 818 1346 descripsit
839 1269 974 1328 binorum
995 1286 1147 1327 uersuum.
1190 1265 1291 1326 Eodem

146 1363 214 1423 Ioco
242 1365 341 1425 docuit
370 1367 498 1442 singulas
532 1367 666 1443 strophas
701 1367 887 1443 Epithalamii
921 1366 1011 1426 Collis
1038 1386 1055 1424 o
1082 1364 1242 1423 Hclr'com’er'
1261 1382 1291 1423 er

145 1465 309 1537 systematis
323 1464 438 1522 duobus
454 1466 547 1540 priore
563 1483 699 1523 uersuum
717 1477 873 1535 temomm,
889 1465 1050 1541 posteriore
1071 1464 1212 1522 biuorum
1231 1480 1290 1522 oon·

145 1571 229 1620 stare.
271 1559 306 1619 C.
322 1560 408 1618 LXII
423 1563 461 1619 ad
476 1562 555 1637 leges
570 1564 723 1621 amoebaei
742 1564 879 1622 carminis
900 1563 1010 1639 primus
1032 1559 1186 1619 Naehius¹
1201 1574 1290 1637 postet

144 1655 353 1716 Lachmannus
368 1657 517 1735 Hauptius
539 1659 728 1719 Hermannus
751 1660 949 1719 Froelilichius
971 1657 1178 1717 Rossbachius
1200 1657 1291 1716 laub·

145 1753 226 1812 chius
242 1754 410 1826 PIeitnems,
425 1757 591 1833 nuperrime
606 1776 676 1815 uero
692 1757 808 1817 Riesius
826 1758 980 1818 RIchterus
1000 1755 1149 1815 Frankius
1164 1755 1290 1832 Peiperus

144 1869 198 1927 pro
213 1870 244 1909 se
259 1853 382 1929 quisque
398 1855 535 1913 reducere
551 1857 648 1915 conati
664 1867 739 1914 sunt.
782 1857 862 1916 Turn
886 1854 1022 1914 HandIus
1037 1855 1068 1912 in
1082 1862 1290 1930 programmate

145 1948 234 2007 lenae
263 1969 342 2009 anno
367 1956 443 2024 1848
466 1955 545 2011 edito
565 1975 590 2013 c.
613 1954 667 2012 LV
691 1955 815 2013 Oramus
835 1957 956 2035 risorie
976 1973 1029 2010 non
1052 1953 1193 2009 molestum
1213 1953 1290 2009 estin

145 2058 202 2105 tres
225 2060 321 2124 partes
346 2050 488 2110 distribuit
512 2052 567 2112 hac
596 2053 660 2130 lege
686 2064 718 2111 ut
746 2055 805 2112 bini
834 2072 935 2112 uersus
963 2051 1116 2127 stropham
1145 2051 1289 2119 efficerent,

144 2163 269 2220 quorum
286 2165 421 2206 uersuum
443 2150 522 2226 prior
537 2152 721 2226 spondaeum
737 2152 765 2210 in
781 2151 910 2210 secunda
924 2149 994 2209 sede
1008 2159 1142 2225 poneret,
1159 2148 1290 2225 posterior

143 2243 298 2320 dactylum.
351 2247 441 2306 Hunc
465 2266 584 2325 quoque
610 2251 700 2308 secuti
729 2260 796 2308 sunt
824 2248 998 2325 complures,
1027 2264 1156 2322 quorum
1184 2259 1290 2305 senten·

144 2343 197 2401 tias
221 2344 275 2419 ipsi
301 2346 420 2404 carmini
446 2348 580 2423 apposui.
622 2348 757 2425 Denique
780 2368 805 2407 c.
829 2347 899 2406 LXI
924 2346 962 2405 ad
987 2362 1127 2404 numeros
1153 2345 1246 2403 retulit
1267 2354 1291 2401 et

143 2440 197 2499 hac
212 2443 323 2500 ratione
339 2444 491 2521 descripsit
512 2445 673 2506 PIeitnerus
695 2448 724 2505 in
746 2447 842 2506 libello
856 2463 916 2524 quo
939 2444 997 2504 hoe
1018 2461 1139 2503 carmen
1161 2454 1190 2503 et
1210 2439 1291 2502 LXII

142 2541 281 2598 tractauit.

183 2640 241 2698 Sed
256 2643 424 2718 priusquam
441 2643 477 2703 de
492 2643 596 2704 Catulli
615 2647 789 2705 carminibus
810 2646 972 2723 loquamur,
987 2660 1083 2718 pauca
1097 2639 1244 2717 quaedam
1257 2637 1291 2696 de

142 2740 277 2796 uniuersa
292 2759 321 2797 re
338 2742 462 2801 dicenda
478 2754 552 2813 sunt
570 2747 694 2822 primum
716 2756 811 2803 utrum
833 2752 1029 2820 repugnantes
1051 2739 1158 2797 habeat
1180 2736 1290 2812 eosqui

141 2835 178 2893 dc
193 2837 292 2894 metris
306 2839 492 2913 scalpserunt,
509 2842 614 2901 deiude
636 2855 731 2902 utrum
754 2843 822 2902 alibi
842 2841 1006 2917 reperiatur.
1050 2837 1144 2909 Quod
1166 2836 1290 2913 plerique

141 2945 250 3009 negant
269 2937 404 2995 metricos
419 2940 577 3016 quicquam
599 2941 635 2998 de
658 2941 812 3018 partitIone
834 2940 994 2998 carminum
1015 2938 1163 3008 ῖοομέτμον
1178 2934 1290 3002 ditisse,

140 3050 241 3089 uerum
258 3033 324 3091 illud
340 3036 466 3110 quidem,
483 3039 536 3096 sed
552 3057 612 3096 non
627 3058 663 3097 ex
678 3040 760 3097 omni
776 3048 855 3114 parte
871 3048 922 3095 est.
965 3034 1051 3105 Quos
1066 3044 1098 3091 ut
1113 3050 1174 3090 non
1191 3031 1290 3090 infitIer

140 3140 295 3204 systemata
324 3149 358 3189 ac
383 3134 516 3210 strophas
538 3137 577 3193 ibi
599 3136 657 3194 lere
680 3157 795 3214 semper
817 3153 927 3212 ponere
949 3133 998 3192 ubi
1019 3142 1133 3190 mutato
1154 3147 1289 3189 uersuum

140 3227 275 3302 rhythmo
298 3248 415 3288 carmen
439 3232 590 3303 diuidatur‚
610 3235 706 3305 uelutI,
727 3239 750 3295 si
774 3237 810 3295 de
832 3232 996 3311 anapaestis
1019 3249 1066 3289 res
1089 3241 1140 3300 est,
1166 3240 1290 3303 systema

139 3343 200 3384 non
229 3327 290 3401 pari
319 3345 442 3387 numero
470 3331 606 3389 similium
642 3351 779 3391 uersuum
814 3335 845 3391 iit
881 3349 968 3392 sensu
1003 3340 1118 3388 tantum
1153 3328 1288 3386 discreto

139 3443 213 3496 rum,
236 3425 289 3484 sed
317 3439 413 3484 certus
442 3446 580 3486 numerus
602 3449 739 3488 uersuum
760 3432 877 3488 mutatis
898 3430 989 3488 uItImi
1011 3427 1146 3503 pedibus,
1167 3426 1226 3484 hoc
1247 3434 1289 3483 est

139 3524 268 3583 admisso
297 3525 493 3601 paroemiam,
523 3546 559 3584 ex
589 3530 777 3603 sequentibus
803 3530 962 3587 disiunctus
989 3527 1046 3584 hoc
1076 3525 1168 3583 modo
1205 3524 1289 3583 efficit

138 3633 281 3697 systema3
312 3635 343 3681 ut
369 3623 621 3700 Hephaestionem
647 3628 809 3685 concedam
836 3628 865 3684 in
890 3628 962 3685 libro
988 3642 1042 3684 suo
1066 3629 1126 3695 περὶ
1150 3623 1288 3694 ποιήματος

138 3732 166 3778 et
181 3721 210 3777 in
225 3720 412 3780 lincheiridio
427 3723 591 3782 hulusmodi
608 3725 741 3800 strophas
762 3726 929 3802 plerumque
950 3723 1110 3800 respicere;
1133 3722 1173 3780 ita
1195 3738 1287 3797 neque

136 3820 235 3877 omnin
251 3832 361 3879 ueteres
382 3822 551 3880 crediderim
575 3823 722 3881 tradidisse
738 3842 812 3900 quae
835 3823 871 3881 de
892 3822 1025 3880 uersibus
1046 3839 1116 3878 uera
1137 3819 1287 3890 habentur,

136 3930 164 3975 et
190 3917 217 3974 hi
240 3920 294 3995 ipsi
317 3920 457 3978 nonnulla
479 3920 516 3977 de
540 3920 596 3978 hoc
618 3923 647 3977 in
670 3938 729 3997 quo
751 3939 899 3979 uersamur
919 3919 1096 3995 reliquerunt
1117 3919 1224 3994 quibus
1245 3937 1285 3975 re·

135 4017 297 4074 centiorum
330 4017 516 4075 confirmetur
544 4018 653 4093 opimo.
711 4017 809 4076 I'erba
842 4018 1069 4095 Hephaestionis
1098 4017 1285 4093 respiciamus

136 4134 210 4191 quae
239 4127 306 4174 sunt
334 4117 364 4174 in
392 4116 513 4173 exordio
541 4116 605 4173 libri
633 4121 692 4190 περὶ
720 4117 858 4188 ποιήματος
884 4118 900 4193 §
931 4135 986 4188 ¹14
1015 4114 1176 4192 Westphal
1232 4122 1286 4169 Tor

134 4216 279 4282 ποιημάτων
295 4216 326 4268 rd
346 4214 392 4284 μέν
413 4213 470 4269 ἔστι
492 4217 554 4269 κατὰ
576 4215 676 4287 στίχον,
690 4218 721 4271 τὸ
742 4217 769 4270 δὲ
791 4216 975 4286 πστηματικᾶ,
997 4217 1028 4270 τὰ
1049 4215 1076 4268 δὲ
1098 4217 1182 4285 premi,
1207 4216 1238 4267 τὰ
1260 4215 1285 4268 δὲ

544 4400 551 4428 ¹
569 4403 682 4463 Opuscula
696 4403 713 4450 I.
725 4419 762 4466 pp.
778 4416 831 4466 103,
842 4418 866 4465 4.
