2872 5002
501 317 558 376 no
586 317 694 377 Lxrv.
714 323 780 394 287.
1176 322 1234 379 aaa

84 483 133 537 ὑπὸ
154 483 292 554 Καδμείων,
307 481 371 540 οίκεε
389 486 416 540 έν
430 487 516 560 Πίνδιρ
538 487 671 542 Μακεδνὸν
685 489 842 558 καλεόμενον·
868 487 983 543 ε’νθεῦτεν
1003 488 1031 542 tr*
1051 485 1121 544 αι’ντις
1142 489 1168 544 ίς
1188 490 1235 558 τὴν

84 583 214 653 Δρυοπίδα
237 584 332 652 μετέβη
354 585 395 638 καί
419 583 446 638 εἰς
470 587 515 653 τῆς
540 583 683 657 Δρυοπίδος
707 584 787 643 οὕτως
811 586 837 642 ε’ς
861 586 908 656 την
931 588 1131 656 Πελοπόννησον
1157 588 1237 642 ε’λθδν

84 684 197 750 Δωρικὸν
218 681 317 751 ε’κλίηθη.
362 679 460 757 Steph.
477 680 596 756 Byzant.
611 699 633 740 S.
646 701 674 740 u.
690 686 798 754 Δώριον.
841 683 971 754 Μέμνηται
990 687 1035 753 τῆς
1056 682 1168 756 Δωρίδος
1188 689 1233 755 τῆς

84 781 238 848 θετταλικῆς
251 783 340 851 Χάραξ
361 782 388 835 έν
407 781 430 848 ζ’
450 781 510 850 τῇδε
530 783 640 853 γράφων
660 783 718 854 περί
739 783 881 838 θεσσάλου
901 787 947 838 τοῦ
968 783 1062 837 aldrov
1083 783 1233 852 νικήσαντος

84 879 143 932 τοὺς
164 875 285 949 ε’νἈρνη
305 882 438 936 Βοιῶτους·
462 880 518 934 ὁδί
533 880 672 938 Θίσσαλος
693 881 752 935 οὐδὲ
772 882 817 950 τὴν
830 883 952 952 τετάρτην
963 883 1055 954 μοῖραν
1074 884 1119 951 τῆς
1139 883 1235 938 ε’πωνυ·

83 971 141 1042 μίας
154 975 302 1043 μετέβαλεν,
317 975 375 1030 ἀλλ’
389 976 540 1031 Ἱστιαιῶτιν
552 978 630 1047 αὐτὴν
644 977 677 1035 ῶς
695 979 756 1050 πρίν
769 979 903 1033 καλεῖσθαι
924 976 1002 1033 εἴασε.
1032 981 1111 1033 κεῖται
1128 979 1156 1032 δέ
1170 982 1236 1052 πρδς

84 1071 190 1142 δυσμῶν
203 1076 248 1126 τοῦ
262 1072 367 1128 Πίνδου.
410 1079 499 1146 Δῶρος
512 1074 540 1128 δι’
559 1075 637 1144 αὐτὴν
653 1073 806 1144 δἘλληνος
824 1072 914 1146 είληχε
927 1076 958 1129 τδ
981 1080 1071 1146 πρῶτα
1091 1077 1131 1130 καί
1152 1078 1236 1149 Δωρίς

84 1169 127 1223 ἀπ’
142 1167 236 1224 ἐκείνου
251 1172 364 1225 ίεαλεῖτο
375 1174 507 1243 πρότερον,
519 1168 629 1243 ὕστερον
642 1172 669 1226 δὲ
682 1171 832 1228 Ἱστιαιῶτις
844 1173 1037 1242 μετωνομάσθη.
1079 1169 1126 1250 (2)
1136 1172 1234 1231 Dorae

84 1265 207 1326 choreae
222 1267 338 1343 proprie
353 1267 487 1325 dicuntur
501 1286 575 1344 quae
589 1286 607 1326 a
620 1268 706 1326 nudis
721 1265 868 1327 saltantur.
913 1268 1019 1328 Anacr.
1035 1267 1067 1326 lr.
1084 1271 1123 1327 60
1138 1273 1234 1328 ἐκδῦσα

82 1371 177 1436 χιτῶνα
198 1367 335 1438 lapillos,
358 1366 408 1423 ubi
429 1364 572 1441 Bergkius
593 1365 676 1424 affert
698 1364 794 1424 Schol.
816 1364 916 1442 Eurip.
940 1365 1014 1425 Hee.
1037 1385 1095 1441 933
1120 1368 1185 1440 λε’χη
1206 1371 1235 1425 δὲ

83 1465 161 1533 φιλια
184 1466 345 1532 μονόπεπλος
363 1459 368 1543 Ι
385 1467 500 1520 λιποῦσα
521 1465 604 1538 Δωρίς
624 1467 658 1522 ῶς
679 1469 749 1537 κόρα.
791 1468 823 1521 At
844 1465 1036 1535 Λακεδαιμόνιοι
1056 1469 1128 1540 κόραι
1149 1468 1236 1539 διημέ·

82 1584 158 1633 ρευον
177 1563 289 1630 ἄζωστοι
309 1565 350 1618 καῖ
370 1563 500 1635 ἀχίτωνες,
520 1564 618 1628 ίμιίτιον
638 1565 747 1636 ἔχουσαι
767 1566 961 1636 πεπορπημένον
981 1565 1024 1636 ἐφ’
1045 1566 1164 1637 ἑκατέρου
1184 1574 1235 1623 τῶν

84 1660 165 1728 ῶμων·
196 1664 237 1715 καὶ
259 1659 434 1733 Καλλίμαχος·
464 1661 562 1717 Ἐσεεν
581 1662 619 1716 ὅτ’
640 1663 756 1730 ἄζωστοι
775 1663 969 1736 χάτερόπορπος
989 1663 1034 1718 ίτι·
1070 1665 1111 1718 καὶ
1131 1664 1159 1720 ε’ν
1179 1669 1234 1723 ταῖς

83 1758 201 1829 ἀρχαίως
213 1763 326 1831 γραφαῖς
340 1761 385 1814 οὐκ
404 1760 480 1832 ὀλίγα
502 1759 551 1814 oie
567 1761 698 1814 ἔσταλται·
720 1763 761 1815 καὶ
775 1761 907 1833 δωριάζειν
926 1763 956 1815 τδ
976 1761 1073 1834 γυμνδς
1093 1763 1235 1833 φαίνεσθαι

83 1856 129 1912 τὰς
149 1860 274 1929 γυναῖκας,
296 1855 374 1914 unde
395 1858 576 1929 φαινομηρίδες
596 1856 795 1929 uocabantur;
820 1854 855 1915 cs.
878 1855 1020 1914 Androm.
1037 1859 1095 1931 598
1115 1863 1235 1932 γυμνοῖσι

82 1956 173 2025 μηροῖς
193 1957 233 2009 καί
253 1954 360 2011 πέπλοις
379 1952 520 2021 ἀνειμένοις
540 1962 569 2010 et
589 1952 629 2010 ibi
650 1952 790 2011 Paleium.
834 1952 966 2012 Eustath.
988 1953 1025 2012 ad
1048 1953 1080 2012 Il.
1104 1966 1171 2029 975.
1194 1975 1235 2030 3ο

83 2049 171 2108 Αἴλιος
184 2057 248 2124 γοῦν
263 2051 396 2108 Διονύσιος
409 2052 539 2123 δωριάζειν
552 2054 620 2123 φησί
634 2053 664 2106 τδ
677 2051 847 2123 παραφοίνειν
863 2052 903 2105 καί
923 2057 1103 2123 παραγυμνοῦν
1121 2053 1190 2109 πολύ
1211 2076 1236 2109 τι

82 2153 128 2203 τοῦ
143 2152 267 2219 σώματος’
295 2153 321 2205 ul
334 2152 385 2223 γὰρ
406 2152 468 2205 κατὰ
489 2152 694 2220 Πελοπόννησόν,
710 2152 787 2222 φησι,
802 2152 874 2221 κόραι
894 2150 1041 2221 διημέρευον
1060 2150 1171 2219 ι’ίζωστοι
1192 2155 1235 2208 καλ

82 2246 209 2318 ἀχίτωνες,
226 2252 323 2319 ίμιίτιον
335 2252 412 2319 μόνον
425 2250 467 2305 ε’πί
481 2249 574 2320 θατέρᾳ
588 2247 829 2321 ε’πιπεπορπημέναι·
871 2250 912 2302 καί
927 2248 974 2319 ὅρα
988 2249 1095 2305 ε’νταῦθιι
1108 2251 1236 2322 διαφορῶν

82 2352 189 2416 χιτῶνος
202 2350 244 2420 καὶ
258 2345 364 2416 ἱματίου.
392 2347 540 2404 Παυσανίας
553 2348 582 2401 δὲ
595 2349 636 2401 καί
649 2348 726 2404 αῧτδς
739 2347 870 2419 δωριιίζειν
880 2349 948 2417 φησί
958 2348 989 2400 τδ
999 2349 1236 2420 ποραγυμνοῦσθαι·

83 2448 196 2515 Δωρικὸν
208 2448 266 2518 γάρ,
281 2450 358 2518 φησι,
372 2448 401 2501 τὸ
415 2448 585 2518 παραφαίνειν
598 2448 628 2501 τδ
642 2451 718 2516 σῶμα
738 2447 780 2500 διὰ
800 2447 830 2500 τδ
850 2444 913 2515 μηδι
935 2447 1014 2512 ζῶνας
1033 2445 1109 2516 ἔχειν,
1122 2448 1153 2500 τδ
1166 2448 1235 2502 πολὺ

83 2543 110 2595 δὲ
123 2548 231 2613 χιτῶνας
245 2546 343 2616 φορεῖν,
359 2545 387 2598 έν
399 2544 427 2598 δὲ
446 2546 548 2616 Σπάρτη
570 2545 610 2598 καί
630 2545 676 2599 τὰς
697 2546 772 2614 κόρας
792 2543 889 2615 γυμνδς
910 2542 1056 2612 φαίνεσθαι.
1085 2545 1125 2597 καὶ
1139 2544 1186 2615 ὅρα
1200 2545 1235 2602 ῶς

83 2643 97 2694 ὁ
112 2639 245 2698 Διονύσιος
257 2642 304 2712 μίν
317 2641 438 2713 ἀπέφησε
452 2647 502 2697 τῶν
516 2642 652 2714 Δωριάδων
665 2643 695 2695 τδ
708 2642 902 2713 χιτωνοφορείν,
917 2639 1066 2697 Παυσανίας
1080 2642 1108 2694 δί
1126 2646 1235 2713 χιτῶνας

82 2741 173 2810 φορεῖν
186 2740 262 2796 αδτίις
275 2740 335 2811 ἔφη,
348 2741 417 2810 πλίην
429 2742 474 2795 οὐκ
488 2739 527 2796 riri
539 2739 598 2794 ἀλλ’
614 2741 647 2797 ῶς
661 2741 703 2795 ε’πλ
721 2737 799 2794 πολύ.
843 2736 893 2795 Ad
914 2736 1038 2796 eandem
1060 2739 1233 2798 Sententiam

83 2836 154 2894 dixit
169 2835 340 2912 Euphorion
354 2855 401 2913 ap.
415 2836 564 2896 Pollucem
581 2836 646 2911 (IV.
664 2858 681 2912 9
685 2835 716 2914 5)
730 2837 885 2909 ὀρχόμενον
904 2837 1057 2908 χαρίτεσσιν
1076 2838 1235 2910 ὀφάρεσιν

82 2935 221 3007 ὀρχηθὲντα
242 2932 383 3012 (Meinek.
405 2934 536 2994 Analect.
560 2934 757 2992 Alexandrina
771 2953 799 3011 p.
818 2933 895 3012 106).
938 2934 1002 2992 lam
1024 2934 1234 3011 Magnesson

81 3031 210 3091 Catullus
225 3034 265 3092 ita
279 3034 373 3109 potuit
394 3034 489 3093 dicere
511 3044 543 3092 ut
563 3032 697 3091 Tibullus
719 3032 929 3092 Cimmerion
951 3030 1121 3112 (Κιμμερίων)
1136 3034 1188 3093 IV.
1208 3055 1232 3093 1.

81 3132 128 3202 64,
156 3130 249 3192 Varro
278 3132 408 3191 Attices
432 3131 683 3209 philosophiae,
705 3130 854 3189 ehorean
879 3133 1037 3203 astricen,
1059 3132 1231 3211 physicen,

80 3228 244 3305 Delphice
259 3229 423 3301 columna,
440 3230 614 3306 Odyssian
635 3227 798 3305 lymphou
813 3227 935 3288 Ludon
949 3229 1083 3288 flumen.

121 3323 220 3408 [Haec
240 3330 319 3387 utin
340 3329 384 3388 ed.
406 3330 500 3405 priore
522 3329 694 3404 scripseram
716 3328 827 3399 retinui,
850 3346 1017 3404 quanquam
1039 3328 1183 3387 haesitans
1202 3337 1233 3387 ut

79 3426 109 3482 in
133 3426 199 3484 loco
225 3427 395 3503 desperato;
428 3446 506 3485 nunc
529 3445 596 3485 cum
624 3425 731 3484 Doris
755 3426 835 3485 nullo
857 3427 948 3485 modo
969 3444 1071 3484 uerum
1091 3427 1232 3497 uideatur,

79 3525 171 3600 possit
186 3534 283 3583 autem
297 3536 347 3584 aut
361 3545 396 3584 ex
412 3526 518 3583 Horis
533 3534 582 3584 aut
595 3543 632 3583 ex
645 3525 747 3582 claris
764 3523 944 3601 profluxisse,
959 3541 1076 3582 uersum
1092 3526 1132 3582 sic
1147 3525 1233 3582 relin-

18 3659 21 3663 -
79 3622 207 3697 gendum
223 3623 342 3681 arbitror

201 3780 402 3839 Aemonisiu
423 3780 582 3856 linquens
604 3778 722 3839 Chlori
744 3777 951 3837 celebranda
971 3777 1107 3837 choreis

78 3934 177 4012 Steph.
193 3934 262 4012 Byz.
278 3940 392 4007 Αίμονία,
406 3937 421 4007 ri
436 3936 569 4008 θετταλία,
584 3937 635 3992 ἀπὸ
650 3935 767 4007 Αἵμονος·
794 3935 880 4007 Αἵμων
893 3937 922 3990 δὲ
936 3937 989 3992 vlle
1007 3935 1053 4005 μὶν
1066 3937 1174 4007 Χλῶρου
1187 3937 1233 3988 τοῦ

76 4038 227 4108 Πελασγοῦ,
236 4037 319 4108 πατὴρ
330 4037 357 4091 δι’
367 4040 516 4100 θεσσαλοῦ,
526 4038 560 4093 ῶς
570 4036 667 4092 ‘Promis
677 4037 717 4090 καί
728 4036 814 4092 ἄλλοι.
841 4031 876 4091 Id
888 4051 924 4091 ex
936 4032 1054 4090 Rhiano
1066 4031 1089 4089 sl
1101 4030 1232 4089 Catullus

76 4133 207 4208 sumpsit,
223 4151 285 4191 non
298 4133 404 4191 mirum
418 4133 442 4190 si
457 4132 527 4190 dixit
541 4133 710 4203 obscurius;
733 4141 830 4207 potest
845 4143 944 4190 tamen
963 4129 1100 4188 Rhianus
1114 4129 1233 4186 finxisse

77 4229 218 4290 Chlorum
234 4230 356 4290 choreas
371 4230 579 4290 Thessalamm
600 4231 676 4289 circa
693 4227 809 4305 Tempe
830 4229 996 4299 ducentem,
1011 4238 1043 4285 ut
1063 4226 1121 4285 hoc
1140 4225 1232 4284 modo

77 4329 200 4388 uiridem
214 4329 271 4389 loci
288 4341 439 4406 aspectum
460 4327 608 4388 indicaret.
650 4327 766 4386 Catullo
789 4325 983 4384 Viridantia
1009 4324 1125 4400 Tempe,
1139 4323 1234 4383 Plinio

75 4424 142 4505 (IV.
170 4425 221 4506 ης)
244 4427 352 4487 Penius
373 4447 501 4487 amoenus
520 4429 597 4486 circa
621 4427 699 4503 ripas
717 4427 849 4502 μανιῶν
870 4426 997 4483 dr'cr'tur:
1031 4425 1136 4500 quibus
1157 4421 1233 4481 adde
