2872 5002
520 118 887 184 PROLEGOMENA.

290 312 327 367 62
350 308 511 382 ¹QVonam
523 306 618 367 Vetus
631 306 724 384 figura
737 304 801 365 est?
822 319 883 378 quo
897 300 982 379 uigor
995 299 1086 359 abiit?

349 406 416 484 Ego
430 405 483 464 Vir
495 423 575 465 eram
590 421 647 482 ego

291 507 328 563 68
351 504 454 582 Egone
468 501 508 562 Et
935 489 1090 575 (Nobbt‘us)

168 602 274 662 LXIV.
296 622 330 677 13
348 602 508 677 Tortaque
898 589 1057 673 (Murem)

292 720 326 759 11
954 689 1059 751 sanxit

293 814 329 874 25
392 797 506 857 Eximie
519 795 593 856 tedis

291 917 326 973 31
352 896 420 969 Qui,
435 895 520 954 simul

291 1015 329 1071 34
350 993 438 1052 Dona
452 993 555 1065 ferunt,
569 1008 638 1069 prae
652 1008 684 1050 se

292 1105 329 1166 75
351 1091 455 1167 Attigit
470 1090 550 1149 Inusi
683 1089 706 1160 (ἲ
720 1084 806 1146 inuisi
820 1085 861 1145 sic
875 1083 1025 1156 Ha'nsius)

294 1204 329 1265 77
353 1189 587 1266 Androgenoeae

292 1292 332 1346 80
393 1287 527 1362 Augusta
893 1275 1050 1358 (scalam)

293 1406 331 1463 94
355 1383 425 1444 Heu
440 1384 565 1445 Miserae
576 1381 729 1460 exagitans
739 1382 770 1440 in
783 1378 848 1438 Miti
868 1377 912 1458 (in
922 1378 984 1436 miti
996 1375 1088 1436 Notae
1097 1372 1281 1452 Bodlethnae)

293 1486 331 1559 96
354 1483 496 1560 Quaeque
509 1483 585 1559 regis
599 1480 714 1558 Golgos

276 1601 331 1639 102
577 1571 736 1657 Appbteret

275 1682 331 1738 106
577 1677 699 1736 Nutanti
709 1676 825 1738 Veruce
977 1671 1082 1752 (Notae
1095 1669 1282 1749 Bodleiunae)

276 1797 332 1851 109
455 1776 570 1852 lateque
584 1786 613 1835 et
626 1776 791 1836 comminus
804 1773 904 1836 Obuia
917 1773 1022 1850 frangit

155 1880 157 1887 '
276 1893 333 1933 110
821 1872 954 1932 Taurum
981 1869 1087 1949 (Notae
1099 1863 1283 1942 Bodla'anue)

277 1990 333 2046 119
356 1971 441 2044 Quae
456 1971 564 2032 Misera
578 1981 685 2049 gnatae
699 1969 780 2030 fleret
794 1970 944 2049 deperdita
957 1969 1053 2030 Luem

277 2088 332 2145 143
355 2070 443 2128 Nunc
457 2069 516 2128 iam

277 2169 333 2241 ¹7⁶
356 2166 486 2226 Consilia
500 2166 536 2225 In
550 2167 655 2226 nosuis
669 2165 843 2243 Requiesset

278 2269 335 2339 178
684 2265 816 2341 agurgite
829 2264 889 2324 lato

278 2378 333 2438 179
355 2362 533 2421 Discernens
543 2360 669 2421 Patriam
679 2361 874 2422 truculentum
885 2361 987 2422 diuidit
997 2376 1108 2438 aequor
1120 2356 1281 2434 (Muretus)

278 2461 333 2518 180
733 2476 821 2536 quem
835 2457 884 2518 Ne

279 2560 333 2631 ι83
356 2556 416 2629 Qui
430 2555 516 2632 Fugit
530 2555 691 2615 Incuruans
706 2555 817 2616 Lentos
832 2554 868 2613 In

278 2658 334 2725 184
399 2654 501 2724 Littus,
515 2652 605 2711 Nullo

278 2753 333 2826 196
498 2749 586 2810 Nunc
601 2750 712 2811 Misera
994 2749 1184 2830 (Spengelt'us)

277 2868 333 2907 212
757 2849 862 2910 Castae
877 2867 945 2910 cum
958 2850 1078 2910 moenia

278 2967 334 3019 214
399 2946 564 3022 Complexu

279 3060 335 3121 237
623 3043 683 3104 fors
696 3062 836 3122 prospera
1076 3041 1240 3122 (Dousas.)

278 3164 335 3219 243
399 3142 502 3202 Insecti

234 3303 236 3307 Α
277 3243 334 3318 263
358 3239 467 3299 MVltis
482 3239 657 3300 Raucisonis
671 3239 808 3298 efflabant
822 3238 942 3299 Cornua
956 3237 1089 3297 Bombos
1162 3241 1223 3313 (sic,
1236 3239 1285 3298 sed

399 3340 431 3396 in
440 3339 549 3414 pagina
558 3342 624 3412 pos!
634 3335 840 3413 Praefutzbnem
855 3337 907 3395 ubi
913 3336 1007 3394 additi
1016 3342 1084 3394 sun!
1093 3355 1201 3394 errores
1211 3338 1283 3394 inter

399 3444 485 3495 celcra
498 3445 539 3495 est
552 3432 738 3511 Raucisonis)

280 3515 337 3610 270
583 3533 726 3609 procliuas
740 3532 848 3593 incidat
862 3533 957 3592 undas
1040 3532 1102 3606 (sed
1110 3533 1222 3592 uidetur
1228 3552 1283 3592 csse

396 3632 535 3706 errabam)

281 3743 338 3804 275
584 3726 738 3789 Variantes
860 3725 965 3807 (Notae
978 3726 1158 3807 Bodletunae)

281 3831 337 3885 288
401 3827 471 3887 Non
486 3826 605 3886 Vacuus

280 3945 339 4002 300
706 3925 817 3985 Montis
832 3924 920 3985 Ithini

168 4133 177 4163 ¹
197 4133 267 4194 Quod
276 4133 307 4180 sie
319 4134 419 4184 correxit
428 4131 453 4182 in
461 4131 553 4201 pagina
561 4141 614 4197 pou
624 4132 797 4194 qu'ueimm
808 4133 913 4181 vuinam
926 4139 992 4181 uetus
1004 4131 1076 4197 figura
1089 4140 1124 4181 est
1135 4130 1209 4180 met?
