2872 5002
458 1065 960 1163 FRAGMENTA.

696 1314 722 1376 I.

397 1475 447 1540 At
471 1497 536 1540 non
559 1476 695 1560 effugies
717 1495 809 1539 meos
832 1475 962 1538 iambos

175 1637 327 1706 Porphyrio
346 1638 379 1690 ad
400 1637 500 1691 Horat.
520 1639 612 1691 Carm.
634 1638 655 1691 l.
679 1641 718 1691 16.
742 1657 785 1704 ²4·
825 1638 911 1692 lambi
930 1642 1022 1691 autem
1041 1653 1139 1691 uersus
1157 1636 1281 1706 aptissiml

139 1710 276 1762 habentur
288 1708 322 1761 ad
335 1708 562 1761 maledicendum.
600 1710 728 1777 Denique
747 1717 776 1762 et
796 1709 919 1762 Catullus
932 1725 995 1761 cum
1010 1709 1157 1762 maledicta
1169 1711 1281 1763 minare·

138 1786 193 1845 tur,
207 1781 245 1832 sic
258 1780 296 1831 ait
308 1779 520 1833 ‘At-iambos!
539 1781 581 1847 Cf.
594 1781 731 1834 Commeat.
742 1782 818 1848 Cruq.
828 1782 865 1832 ad
876 1781 965 1834 ionem.
984 1781 1069 1833 Extat
1080 1783 1160 1833 etr'crm
1172 1783 1198 1833 in
1210 1782 1282 1834 codiee

139 1852 243 1903 Nicolai
261 1851 357 1903 Casani
368 1869 439 1918 quem
455 1851 531 1903 edidit
544 1854 584 1903 Ios
613 1853 659 1904 hus
673 1852 747 1903 Klein
760 1863 788 1920 p.
805 1868 862 1915 110,
875 1861 987 1919 sequente
995 1850 1152 1919 fragmento
1164 1852 1281 1904 Ciceronis

142 1921 228 1988 (Fam.
241 1922 314 1971 XVI.
329 1923 370 1972 26.
388 1918 423 1988 1).
457 1920 547 1973 Huius
559 1937 593 1973 cu
605 1937 654 1989 pae
667 1938 723 1973 non
736 1921 848 1986 effugies
859 1937 985 1989 poenam.
1012 1922 1117 1974 Versum
1131 1922 1282 1974 Haurhaliar

139 1992 220 2056 refert
239 1992 276 2043 ad
296 1989 393 2044 Catulli
413 2012 434 2043 c.
453 1991 515 2042 XL.
535 1993 679 2060 Qaenam
699 2000 727 2045 te
751 1992 822 2044 mala
844 2007 929 2057 mens,
953 1990 1056 2043 miselle
1082 1990 1199 2056 Rauide,
1224 1990 1284 2057 Agit

139 2062 317 2128 praecipitem
331 2061 358 2113 in
371 2076 448 2113 meos
461 2061 583 2115 iambos?
603 2062 670 2127 &c.;
697 2063 865 2132 Wsrphalius
882 2063 921 2115 ad
936 2080 1039 2115 carmen
1056 2063 1121 2129 quod
1136 2065 1205 2114 inter
1217 2061 1286 2112 XII!

139 2145 164 2185 er
183 2133 252 2183 XIV
266 2133 364 2184 stetisse
383 2133 437 2184 ueri
455 2133 539 2185 simile
556 2136 599 2185 sit.
644 2134 712 2185 Mihi
729 2153 760 2185 ex
778 2153 800 2185 c.
813 2134 880 2185 LIV
892 2144 1020 2202 sumptum
1038 2132 1154 2186 uidetur:
1178 2132 1283 2200 cf.u.6,

141 2201 262 2255 Irascere
276 2203 376 2254 iterum
390 2203 458 2254 meis
470 2201 567 2254 iambis
582 2203 794 2270 lumerentibus,
808 2204 888 2257 unice
901 2204 1059 2272 imperator.

176 2448 226 2500 Ast
238 2450 313 2503 codex
326 2449 460 2503 Bernensis
473 2448 670 2518 Porphyrionis:

693 2618 740 2683 II.

272 2784 372 2847 Hunc
396 2783 505 2845 lucum
529 2782 589 2846 tibi
612 2780 730 2846 dedico
752 2801 974 2864 consecroque
998 2783 1115 2864 Priape

178 2970 364 3022 Terentianus
377 2968 490 3020 Maurus
505 2984 535 3031 27
541 2972 672 3032 52-2760.

321 3039 382 3106 lpse
401 3041 473 3091 enim
492 3055 575 3091 sonus
593 3040 696 3092 indicat
714 3055 773 3093 esse
791 3038 844 3092 hoc
862 3040 963 3093 lusibus
981 3046 1084 3107 aptum.

322 3109 358 3160 Et
376 3108 464 3162 ferme
483 3109 581 3161 modus
598 3110 642 3162 hic
660 3110 774 3163 datura
792 3111 928 3178 plerisque
947 3111 1055 3178 Priapo,

320 3180 397 3231 Inter
415 3195 484 3246 quos
502 3181 604 3231 cecinit
622 3196 733 3249 quoque
751 3197 863 3233 carmen
883 3181 937 3234 tale
955 3181 1093 3248 Catullus3

322 3249 406 3301 Hunc
426 3251 695 3304 lucum-ostriosior
712 3253 775 3304 oris.

323 3320 359 3372 Et
378 3320 479 3373 similes
497 3320 587 3388 plures
605 3321 643 3373 sic
662 3322 853 3389 conscripsisse
870 3322 1008 3375 Catullum

322 3393 436 3443 Scimus.
888 3392 893 3401 ’

181 3486 279 3538 Atilius
300 3486 512 3539 Fortunatianus
525 3502 550 3554 p.
566 3502 614 3550 317
630 3486 715 3540 Gaisf.
753 3487 794 3539 Ex
813 3486 864 3540 hac
882 3487 1015 3541 diuisione
1034 3492 1062 3539 et
1081 3486 1212 3554 Priapeus
1229 3503 1288 3540 nas-

143 3558 216 3609 citur
228 3573 330 3610 uersus.
350 3558 433 3609 Cuius
443 3558 597 3625 exemplum
608 3558 678 3624 apud
689 3558 826 3610 Catullum
838 3559 1159 3626 ‘Hunc—consecroque
1174 3558 1288 3627 Priape!

146 3626 217 3679 Nam
230 3643 293 3679 cum
308 3630 333 3679 in
347 3628 402 3679 duo
414 3635 551 3680 commata
564 3628 607 3680 hic
620 3645 714 3680 uersus
726 3629 865 3681 diuidatur
877 3630 999 3695 superius
1011 3644 1120 3681 comma
1132 3637 1199 3682 octo
1211 3630 1289 3697 sylla·

146 3697 242 3749 barum
262 3704 290 3749 et
310 3699 454 3766 insequens
471 3705 586 3765 septem,
607 3698 740 3750 diminuta
759 3700 904 3766 superioris
928 3701 1073 3751 commatis
1098 3705 1194 3767 parte3
1220 3709 1249 3751 ut
1267 3700 1288 3753 si

146 3766 229 3819 facias
248 3768 357 3821 ‘Mater
375 3783 455 3820 saeua
475 3769 656 3835 Cupidinum:
682 3776 772 3821 mater
790 3786 871 3822 saeua
893 3769 1017 3838 Cupido.¹
1054 3770 1108 3822 Sed
1126 3769 1198 3822 adeo
1216 3776 1291 3823 totus

146 3837 191 3890 hic
204 3854 239 3890 ex
251 3839 336 3891 heroo
350 3840 424 3891 uenit
437 3839 598 3891 hexametro
611 3845 641 3890 ut
654 3846 682 3892 et
695 3840 766 3906 apud
787 3840 942 3892 Homerum
957 3841 1033 3892 nullo
1045 3841 1192 3892 immutato
1204 3841 1291 3893 uerbo

144 3910 301 3976 complures
319 3910 493 3962 inueniantur
506 3909 622 3977 Priapei,
635 3918 663 3962 et
677 3909 748 3976 apud
762 3911 911 3977 Virgilium,
925 3926 1041 3980 quorum
1060 3926 1146 3962 unum
1165 3912 1193 3963 in
1212 3927 1290 3978 prae-

145 3980 234 4032 sentia
258 3981 403 4047 posuimus,
422 3981 468 4049 qui
486 3979 558 4032 forte
577 3981 721 4046 succurrit,
740 3982 824 4033 credo
843 3988 872 4033 et
891 3982 956 4034 alios
973 3981 1089 4034 inueniri
1116 3997 1195 4048 posse
1214 3997 1289 4034 com·

144 4049 243 4117 plures,
257 4054 263 4079 ‘
277 4051 328 4102 Cui
342 4068 396 4103 non
410 4051 500 4103 dictus
514 4052 600 4120 Hylas
616 4067 685 4119 puer
700 4060 729 4105 et
743 4052 860 4105 Latonia
878 4052 981 4106 Delos!
1019 4051 1103 4122 Quod
1122 4058 1236 4120 apparet
1253 4052 1292 4104 ita

145 4340 170 4390 P
183 4287 205 4391 rt.
224 4269 331 4390 hlocum
343 4282 465 4341 quartuor
477 4273 568 4328 codices
581 4275 710 4328 Censorini
717 4287 745 4345 p.
758 4290 790 4340 97
806 4277 881 4330 Iahrr.
988 4289 1121 4328 consecro
1134 4274 1291 4343 dedicoque

169 4359 185 4391 u
197 4357 224 4390 sc
241 4359 288 4393 ms.
