2872 5002
519 347 768 421 CARMEN
802 347 915 413 LXX.

269 536 365 618 Rufe,
388 537 468 603 uelit
490 548 640 604 tenerum
663 538 874 623 supposuisse
895 538 1010 616 femur,

224 651 305 716 Non
327 652 359 716 si
379 653 469 717 illam
491 673 587 717 rarae
609 651 786 717 labefactes
810 671 944 715 munere
967 649 1068 714 uestis

268 762 343 827 Aut
365 763 558 846 perluciduli
580 763 706 828 deliciis
727 762 855 846 lapidis.

108 972 111 978 '
179 968 301 1034 Iaedit
323 978 357 1034 te
378 970 545 1054 quaedam
568 970 656 1034 mala
678 969 800 1047 fabula,
822 985 889 1053 qua
911 966 971 1033 tibi
993 966 1097 1033 fertur
1272 991 1289 1045 5

269 1082 366 1147 Valle
388 1082 449 1147 sub
472 1082 599 1147 alarum
623 1091 700 1146 trux
723 1081 872 1146 habitare
893 1101 1000 1164 caper.

227 1192 329 1259 Hunc
345 1205 496 1259 metuunt
510 1215 639 1260 omnes:
659 1215 766 1278 neque
782 1195 917 1258 mirum:
934 1213 1012 1256 nam
1028 1191 1116 1257 mala
1127 1189 1226 1256 ualde
1237 1197 1289 1256 est

269 1307 389 1386 Bestia,
412 1329 472 1374 nec
494 1308 627 1392 quicum
648 1307 738 1373 bella
759 1306 871 1390 puella
892 1306 1001 1372 cubet.

183 1509 297 1595 Quare
319 1522 377 1577 aut
398 1512 563 1577 crudelem
586 1530 740 1578 nasorum
762 1511 909 1577 interfice
931 1519 1070 1594 pestem,

269 1624 343 1689 Aut
363 1625 517 1690 admirari
540 1626 653 1690 desine
674 1646 732 1690 cur
753 1625 893 1708 fugiunt.

643 1908 768 2000 Lxx.

225 2113 348 2179 NVLLI
369 2133 405 2177 se
427 2111 508 2178 dicit
531 2113 648 2178 mulier
670 2134 745 2179 mea
767 2114 891 2178 nubere
913 2114 1012 2178 malle

270 2223 380 2307 Quam
403 2225 493 2303 mihi,
516 2245 583 2289 non
605 2225 632 2288 si
656 2247 691 2290 se
715 2225 866 2308 Iuppiter
887 2226 957 2309 ipse
979 2232 1084 2308 petat.

226 2335 337 2400 Dicit:
360 2336 418 2399 sed
442 2335 558 2400 mulier
580 2337 701 2427 cupido
724 2339 814 2419 quod
837 2336 917 2401 dicit
939 2337 1073 2416 amanti,

271 2447 312 2510 In
334 2457 434 2512 uento
456 2436 493 2514 et
512 2448 628 2532 rapida
650 2449 792 2569 sepibere
813 2458 945 2537 oportet
966 2468 1064 2533 aqua.

177 2719 204 2759 a.
242 2706 322 2759 Ruffe
336 2703 521 2760 AGGHLOah
589 2703 704 2761 uelutP
775 2705 844 2759 latus
873 2703 1042 2759 rosemura.

177 2790 203 2841 3.
237 2777 295 2831 Nos
311 2771 386 2844 (Non
397 2776 430 2844 d)
450 2774 493 2830 illa
505 2790 580 2829 mare
589 2717 935 2831 ABCGHLLauatihacs
1027 2773 1086 2828 Nos
1100 2771 1157 2843 (No
1169 2770 1202 2843 P)
1217 2771 1291 2828 illam

138 2859 233 2901 amare
248 2845 292 2898 VP
387 2844 452 2901 Non
465 2845 537 2900 illam
550 2862 628 2900 rarae
640 2848 712 2918 Calp.
728 2853 793 2913 1481
897 2846 961 2901 Non
973 2845 1056 2901 ullam
1067 2861 1145 2899 rarae
1158 2847 1290 2900 Auunclus

140 2919 296 2986 Doerirsgius
309 2917 411 2983 Haeysr'us
516 2915 580 2969 Non
594 2919 616 2970 si
629 2919 701 2971 illam
715 2918 898 2972 raraeAld.1.
936 2920 1055 2973 Fortasse
1066 2916 1292 2985 carae‚cf.1.ucr.

139 2990 164 3040 1.
178 3003 231 3053 730
302 2987 452 3042 labefactos
464 2985 691 3043 BHLa¹La²Vahc
762 2988 909 3043 labefactas
918 2991 966 3043 Pd.

177 3077 203 3124 4.
239 3072 291 3126 pro
302 3056 412 3112 luciduli
424 3057 599 3113 BHLa¹Pcdb
610 3060 647 3112 ed.
660 3064 708 3114 Pr.
779 3075 831 3128 pro
844 3056 1018 3114 lucidolila²
1088 3057 1188 3113 delitiis
1200 3060 1238 3113 A.

178 3144 203 3193 5.
240 3128 408 3196 quendamd
485 3131 620 3199 quaGex
633 3149 738 3198 rasura,
751 3131 792 3183 dP
803 3131 842 3184 ed.
854 3133 948 3185 Parm.
963 3148 1029 3196 1473
1102 3145 1173 3199 quae
1185 3127 1228 3184 uel
1245 3153 1298 3204 que

139 3196 383 3254 emmona.

178 3273 203 3324 6.
240 3269 342 3323 ValeO
412 3270 525 3324 aliarum
538 3272 566 3323 A
571 3283 615 3342 pr.
631 3271 717 3325 (ΗΜ.

178 3355 204 3404 7.
241 3338 397 3395 Nuncded.
411 3344 458 3394 Pr.
529 3342 609 3395 ualde
621 3341 724 3394 malad
792 3356 844 3395 nec
856 3339 893 3394 mi
906 3342 1006 3394 mirum
1018 3341 1089 3396 mala
1101 3343 1136 3395 H.

179 3415 205 3464 8.
241 3409 377 3466 Bestia.0
425 3411 548 3480 quicum
561 3414 643 3466 BadP
703 3412 747 3466 cui
760 3427 823 3465 cum
838 3409 1032 3467 GLa¹La²OVb
1096 3428 1159 3465 cum
1172 3426 1226 3479 qua
1239 3414 1291 3466 AL

138 3491 171 3538 ut
182 3485 258 3552 Prop.
271 3483 308 3536 11.
321 3485 346 3535 6.
361 3499 391 3534 υ
407 3482 457 3535 Me
469 3498 548 3536 soror
559 3490 588 3536 et
601 3498 664 3536 cum
676 3500 731 3552 qua
743 3483 846 3537 dormit
858 3483 946 3538 amica
958 3483 1038 3537 simul
1124 3499 1188 3536 cum
1201 3485 1296 3537 omisso

139 3569 196 3622 qua
209 3553 232 3604 C
295 3563 351 3605 'nec
363 3553 433 3606 bella
445 3554 489 3607 cui
501 3554 590 3622 puella
602 3555 637 3609 H.

180 3641 222 3679 ιο.
257 3621 371 3691 frigiuut
383 3625 407 3679 0
478 3624 583 3691 fugiant
594 3645 621 3693 a,
633 3626 665 3678 ed
675 3627 760 3679 Trinc.
774 3626 895 3693 Auuncii,
907 3626 1025 3679 Heinsius
1036 3645 1068 3678 ex
1081 3626 1231 3681 cmlectura·

664 3770 760 3826 LXX.

177 3857 230 3910 Hoc
249 3875 352 3910 carmen
373 3876 431 3910 cum
451 3875 472 3911 c.
494 3858 593 3909 LXIX
609 3861 755 3912 continuant
776 3861 867 3912 codices
889 3878 970 3912 ornnes
988 3859 1088 3912 sinceri.
1125 3856 1170 3911 De
1194 3856 1292 3911 incon·

140 3927 241 3982 stantia
255 3927 424 3996 (constancia
435 3928 463 3996 d)
476 3927 606 3981 foeminei
621 3927 742 3997 (feminei
755 3930 784 3998 d)
798 3931 898 3983 amoris
911 3931 957 3981 Pd.

182 4016 205 4050 1.
241 3998 486 4051 mulierseuiuere
500 4000 529 4050 H
597 4001 667 4052 male
679 3999 810 4055 HLa¹0V
880 4000 950 4052 uelle
962 4018 975 4050 c
978 4001 1097 4064 fortasse
1107 4018 1139 4051 ex
1152 4000 1249 4052 Sueten.
1262 3998 1292 4053 de

143 4069 213 4122 Viris
227 4069 373 4123 Illustribus
385 4071 483 4123 XVIII
498 4069 552 4122 Soli
565 4070 696 4125 Crassitio
714 4088 743 4123 se
762 4072 829 4127 dixit
848 4071 952 4124 nubere
971 4069 1056 4122 uelle:
1075 4081 1099 4122 et
1114 4089 1175 4123 sane
1191 4069 1290 4123 uellem

139 4151 188 4210 pro
200 4139 309 4192 mallem
321 4141 421 4193 uidetur
433 4153 567 4210 usurpasse
578 4142 716 4196 Martialis
731 4144 788 4197 VII.
804 4147 845 4196 18.
858 4160 884 4209 9.

180 4228 205 4263 2.
241 4210 342 4278 iupiter
354 4212 471 4265 Acoah.

179 4297 203 4346 3.
239 4281 345 4348 cupitis
416 4281 519 4349 quida.

180 4370 205 4416 4.
243 4351 362 4405 inuento
376 4353 449 4406 GOa.
483 4353 515 4406 ln
528 4353 593 4408 uiuo
602 4356 664 4409 coni.
677 4353 797 4421 Gifanisss
808 4355 835 4407 in
847 4353 900 4408 ind.
913 4353 1012 4408 Lucret.
1016 4365 1046 4424 p.
1056 4367 1117 4420 450,
1126 4352 1293 4409 Burmannus

143 4422 251 4477 Authsl.
264 4424 326 4478 Lat.
338 4426 361 4477 1.
367 4435 397 4494 p.
411 4440 471 4491 541.
