2872 5002
691 362 907 422 EXCVRSVS

510 637 723 698 EXCVRSVS
745 640 783 698 ad
804 637 913 698 LXIV.
931 652 1080 712 241-245.

264 787 386 847 Videtur
399 787 472 847 haec
487 790 648 865 respexisse
662 789 819 849 scholiasta
839 788 940 850 Ibidos
956 804 1013 865 497
1030 799 1062 849 ut
1076 790 1107 848 in
1123 789 1232 849 codice
1248 789 1283 849 C.
1300 790 1333 850 C.
1346 789 1376 848 C.

223 898 355 946 seruatus
373 898 417 946 est
438 886 547 964 Egeram
566 896 675 963 patrem
699 887 797 945 Thesei
818 890 912 964 langii
928 891 976 944 cui
991 887 1110 946 Herem
1127 889 1172 945 ad
1191 891 1377 946 mrirolaum

222 987 331 1043 tendens
345 1006 405 1044 cum
419 988 512 1062 mgrrr's
527 989 596 1044 uelis
609 987 683 1062 quod
697 994 759 1044 erat
775 988 888 1063 sigum
902 988 1017 1043 lrr‘slr'cr'e
1031 988 1208 1062 promiserat
1219 1007 1250 1045 se
1264 993 1378 1044 νιιειιαιιι·

223 1104 289 1143 νιιαι
305 1087 389 1161 nigra
404 1086 465 1143 uela
479 1086 508 1142 in
522 1085 587 1143 alba
601 1087 630 1143 si
640 1086 827 1142 νιιιιιαίαιιτναι
842 1087 963 1142 utirceret
974 1103 1027 1160 quo
1040 1085 1149 1142 tandem
1173 1087 1248 1143 uicto
1270 1086 1379 1143 Αθιιιιο

225 1191 306 1240 naute
319 1193 376 1259 pro
395 1184 487 1240 leticia
507 1178 634 1259 ablr'lr'(l.
649 1181 737 1258 obliti)
759 1189 826 1239 sunt
844 1188 952 1239 mutare
972 1182 1034 1239 uela
1055 1201 1126 1256 quae
1146 1185 1219 1258 quia
1240 1184 1274 1240 in
1294 1183 1379 1256 τιθιδν

219 1286 300 1357 pater
313 1281 344 1337 de
356 1298 420 1338 arce
433 1298 484 1337 sua
499 1282 583 1355 nigra
598 1280 673 1337 miii!
682 1279 779 1354 filricm
793 1299 874 1337 suum
883 1285 987 1354 putans
1001 1286 1142 1337 mortuum
1157 1281 1301 1338 decadem
1321 1299 1380 1338 ατιε

224 1399 251 1437 se
264 1380 296 1436 in
311 1397 386 1436 mare
396 1380 578 1453 precr'pr‘lauit.

554 1633 768 1693 EXCVRSVS
790 1634 828 1692 ad
850 1632 958 1693 LXIV.
977 1650 1043 1707 270.

266 1786 376 1843 Nescio
398 1804 435 1843 an
457 1785 615 1861 legendum
635 1787 672 1844 sit
689 1787 869 1862 proclinus.
912 1784 1009 1845 Gloss
1024 1783 1109 1843 Bodl.
1125 1783 1216 1844 Auct.
1233 1784 1273 1845 T.
1289 1785 1328 1844 11.
1344 1805 1377 1857 ιι

224 1883 391 1940 Proclr'ne.
410 1894 510 1958 prone
530 1885 695 1941 inclr'nale.

554 2123 769 2183 EXCVRSVS
791 2124 828 2183 ad
850 2123 959 2181 LXIV.
977 2126 1044 2194 287.

345 2270 556 2348 Magnesson
576 2273 735 2350 linquens
756 2273 859 2332 Doris
881 2269 1086 2331 celebranda
1107 2268 1256 2329 choreis.

265 2404 432 2463 Eustathius
460 2405 497 2462 ad
524 2404 614 2464 Hom.
637 2405 670 2464 Il.
694 2417 722 2466 B.
747 2408 804 2481 756
836 2410 886 2476 Τῆς
913 2407 942 2461 δὲ
966 2404 1136 2474 κατοικήσεως
1160 2410 1214 2458 τῶν
1237 2402 1378 2475 ὀρηρικόκ

226 2503 366 2576 Μαγνήτων
380 2508 472 2573 σημεῖα
486 2506 526 2559 καί
540 2509 618 2560 τοῦτο
631 2508 700 2578 παρὰ
716 2505 754 2581 ro}
770 2509 901 2578 Στράβονι
918 2505 979 2576 δίχα
996 2509 1047 2558 τῶν
1067 2505 1119 2574 πρὸ
1139 2500 1233 2575 ὀλίγου
1252 2502 1378 2575 ῥηθέντων

224 2605 283 2674 περὶ
312 2607 458 2674 Κραννῶνος
479 2604 520 2657 καί
544 2608 682 2675 Γυρτῶνος.
724 2605 801 2675 Φεραὶ
824 2604 903 2674 πέρας
923 2603 993 2674 φησί
1016 2605 1067 2655 τῶν
1087 2602 1264 2672 Πελασγικῶν
1286 2600 1378 2657 πεδίον

223 2702 288 2767 πρδς
308 2703 339 2767 τῇ
361 2697 498 2771 Μαγνησίᾳ
511 2699 527 2752 δ
540 2702 685 2772 παρατείνει
704 2702 781 2772 μεχρὶ
802 2701 902 2768 Πηλίου
923 2699 1016 2754 στάδια
1036 2699 1125 2753 ε’κατδν
1145 2696 1277 2767 ε’ξίηκοντα.
1307 2698 1377 2768 λέγει

225 2799 253 2853 δέ
267 2801 306 2851 καὶ
323 2798 363 2851 ὅτι
382 2802 527 2868 πρόκεινται
548 2799 690 2871 Μαγνητων
712 2803 785 2868 νῆσοι
806 2799 910 2854 Σκίαθος
931 2796 1083 2866 Πεπάρηθος
1104 2800 1201 2866 Σκῦρος
1221 2798 1264 2849 καί
1285 2796 1376 2868 ἕτεραι.

225 2901 239 2950 ὁ
261 2900 324 2967 γοῦν
347 2896 439 2952 ταύτας
461 2897 533 2952 εἰδὼς
556 2898 632 2966 εἰδείη
657 2898 688 2950 ἂν
707 2900 746 2951 καὶ
767 2898 813 2966 τὴν
833 2897 915 2950 αὐτῶν
935 2897 1041 2967 περαίαν
1061 2894 1222 2966 Μαγνησίαν.
1245 2894 1274 2948 έν
1294 2895 1323 2947 δέ
1341 2897 1376 2966 τᾷ

223 2992 329 3066 τοιούτῳ
353 2997 423 3066 τόπῳ
445 2993 517 3065 λέγει
538 2997 553 3047 δ
577 2997 730 3066 γεωγράφος
754 2996 794 3048 καὶ
816 2994 855 3048 ὅτι
876 2997 990 3063 μάλιστα
1014 2993 1041 3046 δὲ
1064 2992 1092 3044 έν
1114 2991 1220 3059 άνάματι
1243 2993 1377 3045 τούτεστιν

224 3091 352 3159 ὀνομαστί)
368 3090 381 3158 ἡ
396 3095 490 3161 Σκύρας
511 3093 552 3145 διὰ
573 3095 618 3160 τὴν
633 3093 794 3162 Λυκομήδους
813 3095 878 3164 πρὸς
898 3091 1021 3162 Ἀχιλλέα
1042 3089 1182 3158 οἰκειότητα
1204 3091 1246 3142 καί
1266 3090 1313 3159 τὴν
1332 3091 1376 3143 τοῦ

223 3187 404 3257 Νεοπτολέμου
427 3189 478 3242 έκεῖ
497 3189 615 3261 γέννησιν
636 3193 676 3246 καί
697 3191 797 3263 τροφίην
819 3233 825 3248 .
849 3233 856 3248 .
878 3233 884 3246 .
907 3232 913 3247 .
935 3189 1070 3256 ύποδηλῶν
1096 3187 1124 3240 δέ
1149 3189 1190 3241 καὶ
1213 3187 1251 3243 είς
1276 3188 1340 3242 ὅσον
1363 3190 1376 3240 ά

223 3287 327 3355 ποιητὴς
351 3286 411 3342 τούς
432 3286 492 3359 παρ’
517 3289 584 3362 αὐτῷ
606 3288 710 3344 τούτους
732 3290 933 3358 ε’στενοχῶρησε,
954 3285 1025 3359 λέγει
1050 3285 1089 3339 ὅτι
1112 3286 1252 3357 Μάγνητας
1273 3286 1376 3341 τούτους

223 3385 357 3453 νομιστέον
370 3385 429 3441 τοὺς
443 3386 512 3441 έντδς
525 3391 575 3440 τῶν
587 3391 693 3455 Τεμπῶν
714 3386 764 3440 ἀπὸ
785 3387 893 3454 Πηνείου
915 3383 1068 3453 καίὊσσης
1089 3383 1136 3440 ἕως
1156 3384 1259 3454 Πηλίου
1282 3429 1288 3441 .
1312 3429 1318 3441 .
1341 3429 1347 3440 .
1368 3427 1375 3441 .

223 3482 309 3538 ι’στέον
323 3484 350 3537 δὲ
365 3486 405 3538 καὶ
419 3485 457 3538 ὅτι
471 3487 484 3537 ὁ
500 3484 527 3538 ε’κ
541 3484 650 3552 νεφέλης
672 3483 812 3555 Κένταυρος
833 3485 940 3555 Μάγνης
956 3481 995 3551 ην,
1012 3484 1046 3540 ὣς
1062 3483 1090 3537 έν
1107 3486 1160 3538 τοῖς
1179 3486 1227 3536 τοῦ
1249 3484 1376 3554 Πινδάρου

223 3581 352 3650 δηλοῦται,
368 3579 449 3637 ὅςκαὶ
465 3582 623 3653 Μαγνησίαις
636 3580 753 3636 ἵπποισιν
767 3579 1036 3650 συναναχρωννύμενος
1051 3580 1078 3633 έκ
1091 3579 1209 3632 τοιούτου
1231 3581 1376 3651 σπέρματος

223 3678 282 3734 τούς
297 3679 509 3751 ἱπποκενταύρους
521 3681 608 3750 ἔφηνε.
651 3676 733 3735 Pind.
750 3676 833 3752 Pyth.
849 3675 888 3733 II.
902 3695 939 3747 44
957 3677 1101 3747 Κένταυρον
1114 3675 1142 3732 δς
1161 3670 1166 3751 Ι
1183 3674 1290 3730 ἵπποισι
1305 3686 1375 3747 Μαγ-

223 3776 368 3842 νητίδεσσιν
391 3776 500 3847 έμίγνυτ’
523 3777 551 3828 έν
573 3771 672 3828 Παλίου
690 3769 694 3851 Ι
713 3778 832 3845 σφυροῖς.
878 3771 958 3829 Hinc
983 3782 1011 3829 et
1037 3770 1116 3848 quod
1143 3768 1284 3828 Centauri
1310 3789 1374 3830 cum

224 3871 409 3947 Magnetibus
425 3873 647 3945 coniunguntur,
663 3872 794 3946 inprimis
809 3871 948 3939 Cheiron‚
963 3871 1009 3929 cui
1025 3873 1157 3942 Μάγνητες
1171 3870 1293 3942 ἀπαρχὰς
1307 3871 1374 3937 κομί-

223 3975 304 4037 ζουσι·
324 3971 389 4043 ῥίζαι
409 3974 459 4043 γάρ
473 3971 525 4024 είσι
539 3971 580 4023 καὶ
593 3972 699 4034 βοτάναι
713 3971 744 4024 δι’
759 3973 794 4025 ὧν
807 3972 881 4025 ίῶντο
895 3971 954 4026 τοὺς
968 3972 1105 4038 κάμνοντος
1119 3964 1277 4044 (Plutarch.
1295 3967 1374 4042 Sym·

222 4084 286 4143 pos.
302 4067 356 4125 III.
376 4064 414 4141 1),
430 4066 603 4140 Magnessas
618 4066 675 4125 hoe
690 4066 757 4126 loco
773 4067 917 4125 Catullum
937 4066 1085 4124 induxisse
1106 4064 1204 4122 credo,
1247 4064 1373 4123 Easdem

220 4162 317 4221 Doras
329 4164 441 4221 duabus
456 4162 492 4220 de
506 4164 600 4221 causis
612 4165 705 4241 potuit
716 4182 830 4223 uocare.
866 4163 945 4222 Nam
955 4161 1002 4242 (r)
1013 4160 1112 4220 Dorae
1125 4173 1192 4219 sunt
1204 4161 1373 4220 Thessalae.

221 4259 333 4317 Herod.
349 4259 371 4316 I.
388 4260 425 4330 56
447 4262 477 4313 τὸ
498 4261 526 4315 δέ
546 4265 743 4333 πολυπλάνητον
757 4267 843 4334 κάρτα·
865 4263 907 4316 ἐπὶ
927 4262 975 4330 μὲν
993 4262 1044 4331 γάρ
1062 4257 1237 4316 Δευκαλίωιος
1250 4263 1375 4330 βασιλῆος

219 4358 284 4413 σ’ίκεε
294 4361 342 4430 γῆν
352 4359 397 4429 τὴν
407 4359 525 4414 Φθιῶτιν·
547 4361 590 4416 ε’πὶ
604 4362 632 4415 δὲ
641 4364 732 4433 Δώρου
746 4364 792 4415 τοῦ
801 4359 929 4429 Ἕλληνος
942 4359 988 4428 τὴν
1001 4359 1051 4413 ύπό
1066 4359 1111 4427 τὴν
1120 4357 1229 4413 Ὀσσαν
1240 4383 1268 4414 τε
1280 4361 1320 4413 καὶ
1333 4361 1375 4412 τὸν

220 4457 359 4525 Οὔλυμπον
371 4459 464 4528 χώρην,
481 4459 632 4526 καλεομένην
645 4458 673 4512 δέ
686 4458 844 4513 Ἱστιαιῶτιν·
867 4459 894 4511 έκ
909 4457 936 4510 δέ
951 4458 995 4526 τῆς
1004 4455 1188 4512 Ἱστιαιώτιδος
1203 4457 1238 4514 ὥς
1252 4458 1374 4525 ἐξανέστη
