2872 5002
224 349 282 405 288
624 343 681 404 DE
708 342 969 404 PARTITIONE

223 509 312 570 Nunc
328 509 365 569 ad
381 527 473 569 unum
488 509 645 570 Caesarem
663 510 761 569 referri
775 510 897 569 uidetur.
941 507 986 587 (a)
1001 505 1231 582 Coniunguntur
1245 504 1309 565 duo
1323 505 1380 564 dis·

223 609 308 681 ticha‚
334 627 409 685 quae
434 619 554 686 utraque
577 608 719 685 incipiunt
739 628 757 667 a
781 609 878 667 uerbis
900 607 978 665 Eone
997 608 1112 666 nomme.
1167 605 1229 665 Sed
1250 602 1300 685 (ι)
1321 623 1379 663 non

224 707 417 783 praecedente
439 718 551 766 tantum
572 724 600 765 u.
624 725 662 782 23
685 717 762 766 recte
790 707 919 784 sequitur
940 713 1043 764 nostro.
1099 705 1201 764 Potest
1223 705 1305 763 enim
1333 712 1379 762 aut

224 824 291 864 cum
307 805 432 865 Caesare
450 805 487 864 ad
502 805 695 865 Caesarianos
715 814 764 863 aut
783 823 835 881 per
857 803 1095 881 anticipationem
1115 804 1153 862 ad
1169 802 1332 862 Caesarem
1352 811 1380 860 et

223 905 399 980 Pompeium
417 905 514 963 referri
523 903 542 962 ¹.
584 900 629 982 (a)
644 900 776 962 Disticha
794 903 842 962 illa
862 902 975 961 etiamsi
994 920 1054 960 non
1076 901 1218 961 continua
1235 900 1378 979 leguntur,

224 1003 332 1062 habent
347 1014 445 1063 tamen
466 1004 526 1062 uim
541 1021 633 1061 suam.
675 998 766 1074 Quod
786 1003 864 1061 enim
885 1000 1001 1059 alterius
1022 998 1159 1076 strophae
1180 1001 1265 1059 initio
1287 1001 1379 1076 indig-

223 1101 380 1160 nabundus
407 1102 519 1177 quaerit
539 1111 636 1176 poeta,
658 1099 736 1158 idem
758 1099 869 1174 quaerit
890 1099 920 1156 in
945 1097 1002 1156 fine
1031 1097 1153 1157 alterius.
1213 1097 1302 1170 Quae
1326 1098 1379 1157 alia

224 1199 316 1256 attulit
332 1198 509 1269 Schwabius‚
524 1209 556 1256 ut
570 1216 618 1256 uu.
635 1217 682 1272 23,
701 1216 737 1268 ²4
753 1196 819 1255 ideo
834 1214 895 1254 non
910 1214 997 1273 posse
1013 1214 1129 1254 carmen
1146 1195 1285 1254 claudere
1301 1195 1378 1274 quod

224 1295 294 1354 nihil
316 1296 353 1354 de
375 1295 542 1354 Mamurrae
570 1294 696 1373 profusis
719 1295 824 1354 diuitiis
849 1294 954 1360 dicant,
979 1293 1100 1353 eosdem
1129 1311 1233 1353 uersus
1262 1304 1378 1371 propter

223 1395 371 1469 geminata
391 1394 481 1451 uerba
495 1392 572 1451 Eone
590 1395 698 1451 nomiae
719 1392 802 1451 facile
823 1392 952 1467 potuisse
974 1409 992 1449 a
1012 1390 1079 1450 loco
1101 1409 1157 1451 suo
1178 1392 1304 1464 moueri,
1319 1409 1377 1450 non

146 1568 149 1575 Ι
218 1491 346 1549 ‘multum
367 1490 464 1550 ualere
485 1508 601 1562 censen,
616 1509 685 1550 curn
705 1491 736 1549 in
750 1490 917 1548 uniuersum
938 1488 1101 1564 periculosa
1122 1509 1168 1548 res
1190 1491 1227 1549 sit
1241 1507 1377 1549 uersuum

223 1589 433 1660 transmutatio,
449 1588 495 1648 hic
510 1599 608 1648 autem
622 1589 701 1648 nulla
716 1589 777 1648 eius
791 1587 914 1662 uestigia
928 1595 1095 1663 appareant.

265 1684 336 1744 Non
357 1704 417 1763 quo
436 1686 507 1744 nihil
527 1687 738 1762 transpositum
760 1686 796 1744 sit
810 1685 840 1742 in
861 1681 1012 1743 codicibus
1027 1682 1149 1756 Catulli;
1173 1681 1226 1744 sed
1248 1704 1285 1744 ex
1309 1684 1377 1744 locis

225 1785 274 1842 ubi
295 1783 352 1842 hoc
373 1783 481 1842 iactum
502 1794 547 1844 est
561 1784 690 1861 plerique
711 1795 761 1844 aut
782 1793 916 1860 repetunt
937 1799 1048 1854 uerene,
1066 1794 1115 1841 aut
1136 1794 1169 1842 ut
1190 1783 1377 1842 manifestum

224 1882 335 1952 uitium,
357 1882 397 1939 ita
417 1899 536 1941 causam
556 1883 617 1941 uitii
645 1882 829 1941 manifestam
850 1881 967 1940 habent.
1009 1880 1047 1939 Et
1068 1891 1239 1957 repetuntur
1260 1882 1377 1958 quidem

224 1978 258 2037 L.
280 1982 323 2050 16,
343 1995 377 2054 17
393 1990 461 2058 post
475 1980 554 2040 LIV.
573 1999 598 2052 1,
613 1980 738 2039 LXVII.
756 2000 790 2040 21
808 1989 876 2056 post
890 1979 1000 2038 LXIV.
1016 1981 1083 2055 386,
1099 1979 1244 2039 LXVIII.
1260 1983 1296 2039 16
1312 1990 1377 2057 post

224 2075 365 2136 LXVIII.
390 2077 463 2157 (49),
486 2078 564 2137 LXI.
587 2080 625 2153 65
652 2090 719 2156 post
741 2078 819 2137 LXI.
848 2097 902 2153 49;
936 2078 1032 2136 alieno
1055 2078 1122 2137 loco
1150 2078 1289 2154 legrmtur
1314 2077 1377 2137 Lv.

228 2191 325 2251 15-24
362 2178 411 2254 qui
447 2179 477 2234 in
514 2177 663 2237 codicibus
699 2189 835 2237 secuntur
864 2176 975 2236 LVIII.
1004 2190 1032 2250 5,
1061 2174 1140 2234 LXI.
1170 2173 1377 2254 (189Η193),

224 2273 491 2355 (194l—(198)qui
520 2287 740 2352 praeposterum
764 2276 803 2334 ibi
832 2275 963 2334 ordinem
985 2283 1094 2345 tenent,
1115 2273 1285 2333 LXXXIV.
1311 2295 1336 2348 3,
1359 2294 1376 2346 4

225 2374 274 2451 qui
303 2384 439 2432 secuntur
467 2373 635 2431 LXXXIV.
662 2391 706 2432 10.
749 2373 795 2432 De
820 2374 947 2450 repetitIs
975 2374 1107 2432 uersibus
1135 2390 1197 2430 non
1222 2383 1269 2432 est
1296 2374 1378 2449 quod

225 2473 336 2545 dicam3
362 2490 398 2530 ex
413 2473 544 2532 uersibus
558 2473 607 2549 qui
626 2473 656 2530 in
677 2472 802 2530 alienam
822 2472 922 2531 sedem
944 2472 1112 2547 migrarunt,
1129 2470 1298 2529 LXXXIV.
1316 2491 1343 2545 3,
1359 2492 1375 2543 4

225 2589 286 2629 non
314 2581 439 2646 possunt
460 2571 545 2630 scribi
568 2571 622 2628 nisi
651 2581 719 2647 post
740 2569 907 2628 LXXXIV.
929 2588 964 2627 ro
988 2587 1044 2629 nec
1065 2567 1143 2626 LXI.
1168 2567 1376 2648 (189)-(193),

225 2667 421 2748 (194)-(198)
436 2670 490 2727 nisi
512 2670 629 2729 inuerso
651 2670 769 2742 ordine;
793 2669 857 2728 LV.
883 2683 978 2743 15-24
1001 2679 1125 2745 possunt
1146 2669 1165 2726 ii
1188 2670 1309 2745 quidem
1331 2669 1376 2727 uel

225 2779 292 2844 post
307 2767 369 2825 LV.
388 2786 422 2841 13
440 2767 486 2825 uel
505 2776 572 2844 post
591 2787 624 2839 ¹4
646 2769 798 2843 transponi
809 2787 816 2838 ;
839 2767 1032 2842 transpositos
1048 2765 1135 2824 luisse
1155 2785 1245 2824 nemo
1269 2767 1375 2842 estqui

224 2865 367 2922 infitietur.
424 2865 514 2936 Quod
543 2883 604 2923 non
629 2864 706 2923 cadit
731 2883 767 2922 ex
796 2883 891 2941 aequo
915 2882 970 2921 nec
999 2864 1029 2920 in
1055 2862 1134 2920 LXI.
1161 2861 1235 2941 (80),
1263 2882 1319 2922 nec
1348 2865 1376 2920 iu

224 2960 398 3019 LXXXVII
415 2973 441 3027 ÷
457 2962 571 3019 LXXV
593 2982 647 3021 nec
674 2964 702 3020 in
725 2962 877 3020 LXXVII.
903 2977 1001 3036 7-103
1032 2980 1100 3019 nam
1122 2960 1203 3019 LXI.
1228 2960 1294 3040 (80)
1316 2980 1375 3019 non

225 3061 312 3118 credo
324 3071 436 3118 motum
453 3060 557 3133 luisse;
578 3064 613 3119 de
626 3060 799 3119 LXXXVII
809 3072 833 3126 ψ
842 3058 964 3130 LXXV,
974 3058 1128 3117 LXXVII.
1142 3072 1222 3133 7-10
1232 3060 1376 3136 Bergkius

225 3157 424 3216 Rossbachius
439 3158 636 3234 Westphalius
657 3159 703 3216 alii
726 3159 865 3217 dubitant.
908 3157 968 3230 Qui
989 3159 1012 3218 si
1034 3159 1064 3216 in
1085 3157 1157 3217 locis
1179 3158 1313 3216 dubitant
1327 3159 1374 3215 ubi

224 3254 313 3313 multa
330 3256 436 3313 indicia
450 3267 549 3314 extant
564 3258 667 3315 turbati
683 3257 800 3327 ordinis,
816 3257 907 3314 multo
923 3256 1025 3333 magis,
1040 3265 1072 3313 ut
1087 3256 1201 3331 opinor,
1218 3258 1268 3314 ubi
1289 3257 1371 3313 nulla.

223 3352 302 3412 Nam
323 3354 352 3411 in
368 3353 470 3411 XXIX
486 3353 529 3432 (r)
544 3355 625 3431 quod
647 3373 748 3431 parum
766 3366 818 3425 est,
834 3373 938 3413 omnes
953 3354 1069 3413 codices
1093 3354 1220 3412 eundem
1241 3354 1375 3412 ordinem

224 3449 399 3530 seruantia)
415 3464 492 3510 amat
507 3453 638 3511 Catullus
656 3453 784 3511 carmina
799 3452 909 3512 sortiter
927 3464 956 3510 et
976 3452 1058 3528 quasi
1079 3470 1146 3510 cum
1168 3454 1270 3528 inpetu
1286 3453 1376 3528 depo·

223 3569 311 3622 nere;
339 3550 420 3627 quod
442 3552 464 3610 si
486 3570 615 3628 unquam
637 3552 711 3621 lecit,
735 3551 801 3610 iecit
823 3550 867 3610 his
888 3552 992 3609 iambis
1013 3551 1126 3626 quibus,
1142 3561 1173 3608 ut
1194 3570 1212 3609 a
1235 3551 1374 3610 Suetonio

223 3649 389 3720 edocemur,
404 3662 545 3726 perpetua
568 3651 702 3724 stigmata
717 3651 771 3708 sibi
787 3650 923 3726 imposita
937 3649 1025 3708 luisse
1040 3648 1149 3707 Caesar
1164 3668 1226 3708 non
1241 3650 1374 3709 dissimu-

223 3747 300 3805 lauit.
354 3745 429 3818 Quis
451 3760 495 3806 est
516 3760 614 3806 autem
636 3750 685 3824 qui
708 3748 871 3823 conparatis
896 3748 969 3805 inter
990 3765 1022 3806 se
1047 3747 1092 3805 hIs
1113 3749 1247 3808 uersibus
1269 3749 1375 3808 †Hunc

226 3844 340 3904 Gollr'oe
366 3848 440 3903 tritaet
464 3855 491 3904 et
516 3845 694 3916 Britanniae,
723 3846 798 3904 Neri
823 3853 904 3903 uncta
933 3847 1066 3902 deuorare
1083 3848 1270 3921 patrimonio,
1295 3845 1376 3906 Socer

218 3963 353 4019 generque
360 3945 528 4018 perdidisti
548 3948 648 4015 omnib,
671 3963 732 4003 non
755 3945 812 4003 hoc
833 3944 890 4004 illis
909 3956 941 4003 ut
961 3946 1086 4003 amarius
1107 3963 1141 4003 ac
1163 3946 1273 4004 uirilius
1295 3965 1373 4022 prae-

223 4042 313 4101 ferat?
355 4044 441 4102 Adde
457 4042 536 4118 quod
554 4042 632 4100 idern
654 4044 699 4102 hic
721 4062 823 4102 uersus
844 4043 922 4101 aliud
943 4061 1060 4101 carmen
1076 4043 1183 4102 claudit
1199 4043 1305 4120 (Catal.
1321 4043 1374 4104 III.

253 4200 261 4228 ¹
279 4203 316 4249 CI.
335 4201 417 4249 LXIV.
437 4196 483 4246 160
500 4199 608 4246 Attamen
628 4199 652 4247 r'n
672 4209 760 4247 uestros
774 4199 868 4260 potuisti
884 4201 966 4246 ducere
985 4199 1053 4254 redes,
1071 4199 1123 4247 he.
1143 4199 1230 4247 Thesei
1255 4210 1279 4248 et
1301 4202 1374 4263 patris.

219 4283 330 4330 XXXIX.
348 4295 378 4328 ao
397 4283 425 4328 Vt
441 4295 486 4344 quo
502 4280 542 4327 iste
556 4291 628 4328 uester
641 4281 762 4343 expolitior
777 4281 831 4328 dens
844 4291 883 4329 ert.
917 4281 1023 4330 LXVIII.
1037 4281 1110 4343 (151)
1122 4282 1160 4328 Ne
1177 4293 1281 4331 uernum
1296 4283 1373 4330 rcobm

220 4373 303 4428 tangat
325 4363 427 4426 robigine
448 4379 537 4422 nomen,
562 4364 645 4414 LXXI.
669 4377 692 4426 3,
716 4364 847 4413 LXXXIX.
871 4377 894 4426 5.
945 4366 1016 4426 (Vide
1038 4363 1142 4412 Schwob.
1167 4365 1262 4429 Queat.
1288 4365 1369 4414 Catuli.

217 4459 240 4503 a·
256 4444 320 4506 usi·
