2872 5002
534 401 897 464 PROLEGOMENA.
1244 410 1294 469 xiii

176 585 310 644 Titulum
330 603 403 644 cum
422 587 551 646 uersibus
570 587 645 657 dedi,
660 587 761 664 quales
775 573 910 664 leguntur'
924 587 954 645 in
968 588 1026 646 fine
1040 586 1148 649 codicis
1164 587 1292 667 Sanger·

138 684 285 742 martensis
310 683 504 760 antiquissimi
528 703 630 744 eorum
652 685 703 760 qui
731 703 809 744 nunc
837 695 961 757 exstant,
983 696 1117 747 exaratus
1143 699 1187 746 est
1211 690 1291 748 enim

139 800 216 840 anno
235 795 322 856 1375.
363 782 552 842 Benuenutus
566 783 603 843 de
618 783 804 860 Campesani‚
820 784 894 844 inter
908 783 1043 844 satellites
1057 784 1146 845 Canis
1161 784 1289 847 Grandis

138 880 233 956 primi,
251 880 402 942 familiaris
424 890 521 941 autem
543 881 680 942 Guilelmi
700 881 887 958 Pastrengici,
909 899 1008 958 aquo
1029 882 1132 943 dicitm
1152 895 1239 960 poeta
1260 895 1291 945 et

139 979 235 1037 scn'ba
255 980 402 1050 mirabilis
424 979 575 1039 heroicum
595 997 714 1039 carmen
735 980 901 1038 Vicentiam
925 998 943 1038 a
967 979 1115 1040 Patauinis
1138 983 1290 1043 liberatam

139 1078 322 1154 conscripsit,
336 1079 418 1137 cuius
433 1077 627 1154 fragmentum
646 1087 778 1153 superest
794 1077 873 1154 apud
887 1077 1110 1153 Pagliarinum¹.
1153 1078 1291 1142 Mortuus

138 1183 183 1232 est
197 1192 278 1233 anno
296 1194 374 1251 1313
389 1185 421 1233 ut
435 1194 453 1234 a
467 1175 594 1233 carmine
608 1173 773 1250 intelligitur
786 1173 903 1246 Ferreti,
918 1175 969 1251 qui
989 1184 1019 1233 et
1039 1175 1102 1252 ipse
1115 1176 1291 1240 Vicentinus

94 1319 100 1333 ,
139 1278 168 1328 11
182 1281 273 1346 poeta
286 1281 348 1330 erat
356 1271 376 1329 ¹.

178 1369 284 1445 ltaque
306 1369 331 1427 si
351 1368 532 1446 epigramma
552 1385 619 1426 uere
640 1377 685 1427 est
705 1366 893 1443 Campesani‚
908 1367 1013 1427 Catulli
1034 1367 1193 1429 liberante
1213 1371 1292 1433 hunc

139 1465 241 1524 saltem
263 1485 376 1525 annum
396 1468 531 1526 inuentus
552 1475 603 1524 est
646 1465 744 1523 Etiam
764 1475 832 1523 ante
857 1483 933 1540 1314
955 1466 1106 1526 inuentum
1129 1467 1291 1530 Meinertus

138 1566 344 1624 existumabat.
393 1564 439 1624 Eo
463 1566 542 1624 enim
566 1582 644 1624 anno
667 1563 816 1623 Mussatus
840 1564 870 1621 in
893 1563 997 1640 Elegia
1020 1582 1080 1640 qua
1103 1567 1210 1642 gratias
1233 1569 1292 1644 egit

138 1662 319 1722 Academiae
333 1662 540 1723 Patauinorum
553 1663 634 1741 quod
649 1681 681 1721 se
695 1663 794 1721 laurea
808 1672 987 1734 coronasset,
1002 1662 1075 1723 haec
1089 1664 1162 1724 dixit

343 1777 413 1837 Non
432 1797 479 1854 ega
488 1779 620 1856 sageneti
639 1778 727 1835 cecini
743 1782 768 1834 te
791 1775 885 1851 repre
905 1778 997 1850 siluri,

386 1874 501 1951 Scripta
521 1874 647 1934 Debnaei
663 1894 710 1933 nec
730 1874 805 1933 nte'tle'
816 1882 896 1951 gesta
917 1877 1005 1933 duces.

346 1971 482 2033 Carmine
500 1973 551 2032 sub
570 1981 672 2044 nostro,
692 1973 788 2048 cupidi
804 1974 914 2031 lasciua
937 1971 1051 2032 Catulli

384 2069 497 2143 hebra,
517 2073 593 2130 dulce
613 2071 668 2129 n'bi
685 2072 766 2129 nulla
786 2079 920 2130 susurrat
938 2074 1010 2131 auis.

222 2190 284 2259 (uu.
302 2199 381 2259 7-10
399 2185 549 2262 Epistulae
569 2186 607 2246 ad
626 2186 791 2263 Collegium
804 2187 985 2258 Artistarum,
1000 2207 1029 2266 p.
1045 2205 1084 2264 39
1099 2188 1145 2248 11.
1160 2187 1291 2266 Pignorii

268 2285 368 2358 1636).

180 2380 241 2440 Sed
268 2391 297 2440 et
325 2381 405 2452 haec,
427 2390 459 2440 ut
481 2380 602 2458 Hauptii
626 2384 723 2441 uerbis
748 2391 818 2453 utar,
842 2383 936 2459 potuit
961 2402 999 2444 ex
1021 2381 1162 2443 Martialis
1185 2386 1291 2444 carmi-

140 2479 226 2538 nibus
236 2478 308 2536 Vll.
322 2497 359 2551 ¹4
373 2489 402 2539 et
416 2478 498 2538 XIV.
512 2493 549 2555 77
565 2492 671 2556 petere,
686 2499 741 2539 nec
755 2481 916 2557 quidquam
930 2481 961 2538 in
977 2480 1101 2541 Musseti
1115 2483 1292 2543 carminibus

141 2576 287 2652 estquod
308 2575 412 2635 Catulli
434 2577 609 2636 imitatorem
630 2587 749 2637 testetur
757 2579 775 2637 ⁸.
818 2579 976 2654 Vtcunque
995 2596 1041 2638 res
1059 2597 1090 2637 se
1109 2579 1205 2650 habet,
1221 2579 1292 2638 nihil

141 2674 214 2733 inest
234 2674 447 2751 epigrammate
467 2674 548 2752 quod
569 2676 607 2734 ab
627 2676 746 2735 ineunte
767 2677 884 2736 saeculo
906 2675 981 2734 XIV
1002 2675 1129 2735 alienum
1150 2677 1291 2737 uideatur.

378 2863 388 2893 ¹
405 2865 531 2913 Caesareas
547 2865 641 2928 aquilas
656 2863 811 2930 Angustaque
826 2866 896 2928 signa
911 2873 1012 2914 1111111111

403 2948 526 3011 Scaligera
542 2949 570 2995 11
585 2957 655 3012 gente
671 2948 765 3002 Canens,
781 2947 907 3010 satiansque
922 2948 1034 3011 triumphi

407 3030 522 3077 Veronam
539 3038 560 3076 et
572 3029 652 3092 pulsos
668 3029 749 3076 seruili
765 3043 793 3075 eee
809 3028 865 3076 urbe
880 3037 997 3088 tyrannos,

402 3110 500 3174 Exigua
516 3111 618 3158 1111111111
635 3110 705 3170 lym
727 3110 784 3157 niti
799 3110 885 3157 caelica
902 3111 976 3158 uirtus

403 3192 505 3253 Aspiret.
519 3194 655 3255 patriaeque
671 3193 739 3240 datas
754 3202 870 3240 conseruet
885 3192 992 3241 habenas.

403 3274 457 3319 laen
467 3274 544 3332 fauor
560 3274 651 3335 imperii
671 3274 762 3321 Verona
776 3274 903 3336 potentibus
919 3276 993 3322 111111

402 3355 501 3401 Exierat
514 3364 649 3418 ponamque
666 3356 739 3403 Canis
755 3366 906 3418 superauerat
921 3357 1003 3405 1111111.

172 3434 285 3484 ’11111111
302 3437 431 3499 (Muratori
450 3438 505 3486 Rer.
522 3438 576 3486 1111.
595 3437 638 3488 ΙΧ.
659 3454 682 3500 p.
702 3436 776 3500 1165)
796 3440 896 3500 quinque
913 3440 1016 3487 carmina
1036 3449 1088 3487 sunt
1107 3441 1136 3487 11
1153 3441 1291 3501 Campesanl

141 3528 224 3573 morte,
236 3519 338 3578 primurn
355 3519 451 3581 longius,
465 3528 539 3567 cetera
557 3521 669 3568 breuiora.
704 3522 840 3568 Breuiorum
856 3522 879 3567 11
891 3522 960 3569 tertio
971 3520 1028 3569 haec
1039 3524 1117 3569 scribit
1129 3523 1198 3570 Mille
1208 3532 1291 3569 neren·

141 3602 198 3647 tenis
210 3602 281 3647 decies
293 3601 455 3663 gentinauerat
470 3617 558 3647 annunt
573 3601 669 3649 Tertius.
704 3602 730 3648 ln
747 3604 821 3662 primo
838 3612 919 3662 poetas
935 3613 1063 3659 enumerat,
1076 3605 1190 3658 Flaccum.
1202 3612 1290 3664 patrem

142 3684 277 3730 Maeonium
297 3683 379 3729 ducem
400 3684 505 3730 carminis
524 3684 572 3738 alti.
590 3685 717 3739 Lucanum.
734 3685 840 3741 Statium,
856 3685 983 3741 Ouidium
1008 3687 1037 3733 de
1056 3686 1149 3734 Catullo
1168 3686 1288 3745 Propertio

142 3766 233 3811 Tibullo
250 3766 306 3812 nihil
325 3766 387 3812 dicit.
421 3767 486 3813 Idem
503 3767 564 3812 aliud
581 3782 664 3826 poema
681 3768 709 3813 de
726 3775 802 3814 morte
819 3766 1290 3827 0111111111ιάΜ11111111Ρ11111111111

143 3848 237 3906 scripsit,
249 3856 272 3894 et
285 3857 383 3906 quatuor
395 3848 463 3895 libros
475 3848 662 3896 hexametrorum
674 3851 702 3896 11
714 3850 783 3896 Canis
795 3849 894 3896 Grandis
909 3851 976 3897 rebus
993 3851 1070 3912 gestis.
1082 3850 1106 3895 in
1123 3850 1204 3909 quibus
1221 3849 1289 3895 Clau·

143 3930 234 3974 dianum
252 3931 288 3975 uel
305 3930 403 3975 Statium
421 3931 524 3978 imitatus
541 3940 582 3987 est,
599 3933 628 3978 de
646 3932 738 3979 Catullo
755 3931 810 3977 nihil
827 3931 905 3980 habet.
939 3932 981 3979 Sed
1001 3932 1063 3978 haud
1082 3931 1129 3977 scio
1147 3946 1176 3977 an
1195 3945 1242 3978 non
1260 3932 1289 3977 11

143 4011 264 4056 Catulliani
282 4011 429 4070 Epithalamii
446 4012 516 4058 finem
533 4022 635 4073 spectent
653 4015 724 4060 uerba
742 4013 853 4061 orationis
871 4014 894 4060 in
913 4014 997 4060 Ferreti
1009 4013 1093 4072 nuptiis
1104 4012 1204 4059 habitae.
1238 4013 1290 4060 Has

143 4093 217 4154 itaque
234 4094 325 4153 nuptias
341 4093 440 4156 undique
455 4094 539 4141 deeora
556 4096 672 4142 tabilitate
681 4095 800 4159 fulgentes
818 4110 905 4142 mecum
922 4095 1032 4143 celebrate
1041 4095 1148 4153 sauenm
1166 4109 1194 4140 aa
1214 4095 1289 4142 Deum

139 4175 227 4234 pariter
234 4182 356 4234 precemur
367 4184 410 4224 ut.
423 4212 429 4223 .
442 4212 448 4225 .
460 4211 466 4224 .
471 4177 551 4237 saciat
561 4193 589 4225 ex
601 4178 643 4226 ltoe
654 4179 765 4226 connubio
775 4180 840 4226 nasei
852 4177 942 4240 prolem
952 4178 999 4224 suis
1010 4176 1143 4224 clarissimis
1155 4177 1289 4242 progenito·

141 4255 204 4302 ribus
214 4255 320 4304 similem.

173 4337 184 4366 ⁸
199 4339 249 4386 Nisi
264 4340 322 4386 lorte
337 4341 438 4388 imitatus
454 4351 489 4389 est
505 4342 607 4390 codicem
626 4344 724 4405 aliquem
735 4344 819 4391 Catulli
832 4342 915 4391 LXVI.
930 4342 960 4390 18
978 4343 1032 4389 dum
1051 4343 1126 4391 scribit
1144 4342 1201 4391 haec
1212 4358 1234 4403 p.
1248 4355 1287 4404 30.

142 4417 216 4466 Nema
232 4430 281 4469 tam
292 4421 364 4481 sortis
381 4423 444 4470 ualet
459 4439 504 4471 esse
520 4440 564 4487 quo
580 4440 626 4472 non
634 4427 725 4485 sortior
742 4427 804 4473 assit.
