2872 5002
217 351 276 406 352
506 338 708 401 ADDENDA
740 337 1075 400 PROLEGOMENIS.

258 509 305 568 Ex
329 509 460 567 uersibus
479 505 617 583 HugonIs
636 505 833 581 Sotouaginae
854 505 981 564 cantoris
995 514 1024 562 et
1037 503 1236 563 archidiaconi
1257 502 1369 563 Ebora·

218 609 314 667 censis
328 626 357 683 p.
374 625 432 666 220
447 605 485 665 T.
500 606 541 664 H.
557 604 692 682 Wrightii
705 602 848 663 Satirical
858 603 943 662 Paets
956 606 994 682 af
1000 603 1044 662 tbu
1060 601 1182 682 Twelstb
1200 600 1336 678 Century.

461 704 545 763 Vnus
567 704 605 762 de
626 704 724 762 multis
745 704 781 761 sit
803 701 971 760 consiliator
991 702 1100 774 amicis,

502 801 593 860 Cuius
614 810 685 859 nota
706 801 777 859 fides
799 809 828 857 et
848 800 989 875 sapientia
1009 800 1053 858 sit

217 899 263 960 Cf.
278 901 343 960 Cat.
359 898 424 959 CII.
443 918 458 958 a
475 899 582 959 Cuius
597 901 641 958 sit
656 901 795 976 penitus
809 909 892 957 nota
905 897 995 956 fides
1009 898 1121 956 animi.

259 998 305 1055 Ex
320 999 531 1075 epigrammate
550 996 703 1056 Godefridi
717 996 822 1073 prioris
836 996 977 1055 ecclesiae
991 997 1083 1055 sancti
1105 995 1240 1072 Suithyni
1257 994 1371 1052 Winto

217 1096 334 1166 niensis,
350 1095 417 1154 ibid.
433 1114 462 1172 p.
481 1110 546 1168 145.

339 1191 434 1269 Culpa
455 1202 504 1251 tua
525 1203 577 1263 est,
599 1189 679 1268 quod
700 1209 746 1250 res
767 1201 796 1250 et
817 1190 895 1249 fama
913 1190 1026 1249 laborat
1039 1209 1158 1263 eorum;

381 1289 471 1362 Quod
492 1301 615 1366 pereunt
636 1307 727 1348 censu
748 1300 778 1348 et
799 1290 926 1360 nomine,
949 1289 1034 1366 culpa
1054 1299 1175 1348 tuaest.

339 1388 380 1448 Vt
402 1406 538 1465 superare
559 1406 650 1465 queas
672 1388 751 1446 tenui
772 1397 906 1464 pascatur
920 1405 1023 1457 auena,

382 1487 429 1546 Sic
451 1484 482 1564 (l.
498 1488 547 1559 sit)
571 1505 723 1563 nunquam
745 1486 791 1544 ille
814 1495 899 1556 satur,
921 1495 953 1543 ut
974 1503 1110 1560 superare
1131 1502 1233 1560 queas.

218 1585 264 1646 Cf.
289 1584 353 1645 Cat.
378 1584 503 1644 LXVII.
533 1603 577 1657 14,
603 1584 686 1644 XXI.
716 1604 753 1658 9:
787 1595 831 1643 est
858 1584 937 1643 enim
965 1583 1146 1660 epigramma
1173 1581 1211 1640 de
1241 1592 1371 1641 sectante

218 1702 331 1760 pueros.

581 1999 898 2061 pnomaonuna
919 2020 948 2077 p.
963 2001 1008 2058 vn.

260 2184 348 2242 Extat
358 2184 430 2243 haec
441 2182 560 2242 homilia
572 2181 697 2261 (titulum
711 2181 799 2240 habet
810 2179 859 2238 De
869 2180 991 2239 Maria
1005 2187 1035 2238 at
1046 2176 1213 2257 Martha),
1226 2181 1258 2238 lu
1269 2181 1375 2239 codice

219 2283 427 2359 opusculorum
456 2281 585 2340 Ratherii
614 2279 804 2339 Laudunensi
831 2277 942 2358 (Laon)
968 2298 997 2338 n.
1026 2293 1093 2353 274,
1122 2278 1200 2337 unde
1229 2279 1375 2354 impressa

220 2389 264 2438 est
288 2382 318 2437 in
342 2380 477 2455 catalogo
503 2378 671 2455 Regionum
701 2376 878 2436 Gallicarum
905 2376 1073 2455 (Catalagua
1099 2377 1144 2433 des
1172 2374 1375 2450 Dlpartenrens

220 2477 251 2534 de
265 2476 376 2535 Franci
389 2475 412 2534 1.
428 2495 456 2554 p.
470 2473 557 2553 576):
582 2476 621 2534 ibi
635 2474 746 2534 uariant
760 2473 832 2533 haec
846 2474 1071 2533 substilius—du
1084 2474 1199 2532 medr‘tor
1216 2480 1244 2530 at
1260 2480 1376 2530 nocte-

220 2575 375 2650 neglectum.

581 2834 898 2903 raoaucotruua
912 2863 939 2921 p.
956 2846 1009 2902 vn.

264 3042 393 3100 Latuisse
416 3039 562 3099 Catullum
584 3041 700 3100 saeculo
725 3039 800 3098 XIII
823 3041 925 3099 saltem
946 3042 1060 3118 Anglos
1081 3042 1149 3102 hinc
1171 3043 1279 3122 colligo
1293 3045 1376 3122 quod

222 3139 362 3197 Nicolaus
377 3138 488 3208 Triuet,
504 3139 547 3195 uir
561 3139 635 3197 inter
650 3139 836 3197 doctissimos
851 3141 911 3197 eius
926 3141 1040 3212 saeculi,
1056 3145 1270 3202 commentario
1284 3163 1375 3219 quem

222 3240 251 3295 in
272 3237 364 3295 Boetii
386 3236 616 3295 consolationem
636 3237 756 3311 scripsit,
778 3237 849 3295 haec
872 3236 940 3296 dicit
961 3237 997 3295 ad
1016 3237 1071 3296 ΙΙΙ.
1088 3259 1115 3310 4,
1145 3239 1219 3297 Vnde
1242 3240 1375 3300 Catullus

221 3337 354 3410 quierat
375 3337 423 3392 uir
443 3337 550 3411 sapiens
570 3342 595 3391 et
614 3336 754 3392 ut'rtuasus
773 3334 899 3392 Nant'um
920 3337 1051 3410 quierat
1068 3338 1145 3394 bama
1166 3341 1250 3396 ur'ciis
1270 3341 1376 3397 deditus

222 3435 283 3490 licet
295 3435 423 3491 sedentem
437 3435 467 3489 iu
482 3433 597 3489 currulr'
607 3437 633 3487 et
645 3434 685 3488 ita
703 3438 816 3489 utentem
837 3435 1013 3508 magistratu,
1024 3441 1064 3491 cst
1074 3437 1146 3492 entur
1160 3438 1288 3494 ciarrulii
1302 3439 1376 3495 sedes

221 3533 361 3588 senatoria
376 3576 382 3587 .
400 3576 405 3588 .
423 3575 428 3587 .
445 3536 534 3587 tamen
551 3529 673 3604 appellat
685 3538 822 3586 strumam
836 3549 857 3587 s.
873 3549 913 3588 ex
927 3533 1114 3607 indignairam
1127 3534 1220 3591 animi
1230 3536 1306 3608 quod
1316 3543 1375 3593 tam

221 3640 319 3704 spurco
333 3629 442 3685 hamim'
451 3629 550 3685 collata
564 3633 626 3685 crat
637 3628 769 3703 dignitas.
811 3627 870 3685 Est
881 3636 970 3687 autam
986 3638 1094 3687 struma
1110 3631 1212 3707 gibbus
1227 3638 1259 3689 t'n
1269 3643 1376 3708 pectore

223 3736 248 3784 et
261 3728 366 3784 dicitur
380 3728 465 3801 quasi
478 3733 566 3782 strues
587 3726 605 3781 i.
627 3727 763 3801 congarr'es
782 3724 937 3797 brumarum,
952 3726 1002 3783 sub
1015 3728 1069 3784 bac
1082 3735 1171 3787 autern
1191 3731 1378 3788 sirnih‘tudina

221 3827 332 3882 naniiuu
352 3833 488 3881 strumam
509 3823 648 3898 appellant
673 3826 741 3897 quia
766 3827 796 3880 in
815 3831 919 3899 pectore
941 3825 1040 3883 habuit
1059 3829 1208 3904 cangm'ern
1237 3831 1376 3886 uictarum

224 3919 323 3998 (Auct.
339 3922 370 3980 F.
386 3924 413 3979 6.
429 3942 455 3993 4,
473 3940 501 3997 p.
521 3917 617 3993 145b).
659 3920 745 3992 Quae
762 3923 852 3981 uerba
872 3924 978 3999 partlm
993 3923 1104 3983 Triueti
1125 3936 1201 3995 sunt,
1216 3929 1323 4001 partim
1339 3947 1376 3986 ex

221 4020 346 4096 antiquis
375 4019 491 4076 scholiis
520 4017 681 4093 desumpta,
710 4031 741 4077 ut
769 4039 806 4078 ex
834 4021 1067 4097 Cantabrigiensi
1092 4022 1194 4081 codice
1218 4023 1260 4094 (li.
1284 4044 1311 4099 3.
1338 4044 1372 4083 21

221 4117 420 4176 Bibliothecae
439 4114 589 4192 Publicae)
603 4129 690 4193 patet,
710 4119 759 4177 ubi
780 4119 852 4178 haec
874 4121 933 4196 legi
954 4121 1069 4195 scripsit
1089 4120 1160 4179 mihi
1176 4120 1205 4178 S.
1222 4120 1251 4179 S.
1269 4122 1375 4183 Lenis.

220 4216 277 4274 Est
296 4223 384 4274 autam
406 4221 513 4272 struma
529 4214 632 4291 gibbus
652 4219 683 4274 in
697 4224 805 4292 pectora
825 4226 852 4275 ct
870 4220 974 4276 dicitur
994 4221 1063 4295 quia
1082 4227 1171 4277 struas
1192 4222 1220 4276 ui
1237 4225 1377 4298 carigaries

220 4314 403 4372 humanarum
424 4312 474 4370 sub
495 4313 547 4371 bac
567 4316 747 4374 simulitudine
767 4318 908 4375 numinum
927 4325 1057 4376 struman
1081 4317 1234 4394 appellauit
1252 4321 1329 4394 quad
1346 4322 1377 4379 in

216 4419 322 4486 pectore
334 4409 435 4468 babuit
446 4414 594 4489 congeriem
609 4416 753 4470 uitiorum.
