2872 5002
234 343 280 401 viii
688 350 933 412 PRAEFATIO.

235 528 314 603 atqui
328 529 413 601 aliud,
426 531 541 608 opinor,
555 541 598 591 est
612 533 776 604 emendare,
792 533 870 592 aliud
885 533 1046 610 quaesitam
1062 531 1224 589 barbariem
1239 530 1349 589 induce]

235 632 336 703 Quid?
377 635 638 699 Lachmannumne
659 640 774 716 putabIs
795 657 921 716 cumque
943 657 979 698 eo
1001 638 1165 715 Hauptium
1188 637 1352 695 Froehneru

235 737 427 815 Schwabium,
441 755 482 803 tot
496 746 575 805 uiros
589 755 648 805 tam
663 746 784 805 solertes
801 756 904 805 cautos
918 745 1070 821 diligentes
1085 744 1155 802 nihil
1168 744 1335 803 huiusmodi
1350 771 1354 799 t

234 842 351 906 Datano
365 849 537 910 odoraturos
552 851 660 911 luisse?

275 950 380 1029 Neque
395 973 464 1015 uero
478 956 548 1015 illud
560 975 663 1017 uerum
677 967 721 1017 est
735 958 816 1033 quod
831 957 908 1017 idem
923 956 1101 1016 Behrensius
1116 956 1188 1015 dixit
1206 954 1359 1034 (Prolegot

233 1077 262 1134 p.
278 1058 349 1136 xxx)
371 1071 438 1138 post
452 1081 478 1122 a.
497 1077 573 1139 1375
594 1063 711 1123 latuisse
732 1062 836 1123 Catulli
857 1064 961 1122 librum
983 1064 1079 1122 donec
1100 1082 1125 1121 a.
1144 1076 1221 1135 1425
1240 1066 1361 1137 ‘repertr

234 1166 417 1244 pessimeque
432 1182 569 1246 acceptus
583 1171 613 1229 in
627 1188 732 1229 manus
746 1169 911 1228 hominum'
927 1188 1025 1228 rursus
1036 1170 1147 1228 uenerit
1156 1167 1260 1247 (Andr.
1275 1166 1363 1226 Schot

234 1270 264 1326 in
289 1271 415 1332 Obseru.
440 1274 571 1335 Human.
595 1274 634 1334 11.
664 1277 708 1333 16.
736 1294 764 1351 p.
792 1274 852 1355 53).
896 1274 975 1335 Nolo
999 1276 1030 1332 in
1055 1274 1190 1333 Xichone
1219 1273 1365 1332 Polenton

234 1379 340 1435 morari
371 1379 453 1439 cuius
483 1399 557 1457 quae
591 1400 630 1440 ex
658 1380 763 1441 Catulli
790 1383 864 1440 libro
896 1383 1018 1441 citantur
1045 1381 1076 1439 in
1103 1380 1179 1439 Vitis
1207 1380 1368 1455 Scriptorur.

235 1482 392 1542 Illustrium
406 1487 455 1545 uix
471 1487 540 1548 satis
554 1497 670 1548 constat
689 1506 749 1565 quo
764 1505 844 1546 anno
859 1489 967 1562 scripta
987 1486 1109 1546 luerint:
1132 1487 1262 1544 Antonio
1277 1485 1370 1545 Becca

235 1589 312 1649 dello
331 1590 517 1654 Panormitae
539 1595 604 1654 trita
625 1595 712 1655 luisse
732 1596 842 1671 poetae
859 1595 989 1653 carmina
1003 1594 1080 1652 circa
1094 1610 1188 1652 annos
1206 1611 1372 1664 1410·141!

234 1697 297 1772 ipse
308 1707 427 1758 testatur
440 1699 469 1757 in
485 1699 743 1777 Hermaphrodim.
756 1702 806 1776 qui
819 1701 890 1759 liber
901 1710 931 1758 ut
946 1710 990 1759 est
1004 1708 1082 1757 totus
1093 1701 1130 1757 ab
1141 1699 1286 1757 imitatore
1300 1710 1374 1757 natus

235 1800 348 1875 Catulli,
369 1805 409 1864 ita
428 1806 636 1883 epigrammate
657 1807 787 1884 quodam
808 1806 913 1866 diserte
935 1804 1060 1865 declarat
1080 1805 1240 1864 lectitatum
1262 1806 1376 1864 etiamr

235 1909 401 1971 mulieribus
416 1911 514 1973 fuisse.
559 1939 561 1942 ⁴

276 2014 371 2076 Multo
385 2018 479 2096 magis
494 2037 512 2078 a
525 2038 596 2079 uero
616 2021 772 2080 abhorrent
790 2039 864 2098 quae
885 2019 1061 2079 Behrensius
1082 2017 1199 2095 protulit
1220 2017 1381 2092 Prolegom

235 2138 284 2197 pp.
300 2122 395 2182 xlv-li.
439 2123 499 2197 Qui
519 2143 588 2184 curn
608 2127 719 2186 uideret
737 2127 949 2187 uocabulorum
970 2114 1065 2202 qualia
1087 2135 1154 2184 sunt
1175 2125 1278 2182 ocr'dere
1298 2124 1383 2181 catule

234 2229 395 2305 sogelrseros
407 2232 519 2290 seculus
532 2233 655 2290 comendo
667 2234 776 2292 comoda
790 2235 883 2291 rrmz'te
896 2233 1049 2307 eaplr'cose!
1054 2232 1197 2307 partulam
1211 2232 1317 2288 auelere
1327 2249 1385 2287 sus·

236 2332 574 2410 lolantflarrolicornunes
584 2339 689 2397 usblare
699 2348 896 2398 consonantes
906 2339 938 2396 iu
949 2337 1054 2396 Catulli
1065 2337 1215 2396 codicibus
1227 2354 1314 2411 saepe
1326 2353 1387 2393 non

235 2441 385 2516 geminari,
400 2442 558 2519 archetypo
572 2444 630 2504 hoc
644 2445 741 2504 tribuit
754 2446 873 2504 uitium:
888 2445 995 2504 ueritus
1010 2455 1109 2503 tamen
1123 2442 1161 2501 ad
1176 2443 1266 2518 ipsius
1282 2450 1387 2516 poetae

236 2557 369 2624 tempora
401 2549 431 2608 id
463 2567 610 2623 reuocare,
639 2551 870 2611 Frontonianum
905 2551 1005 2610 nescio
1041 2568 1129 2625 quem
1164 2549 1388 2624 grammaticum

236 2655 411 2733 imaginatus
439 2666 491 2727 est,
513 2657 564 2735 qui
593 2656 664 2716 dum
690 2657 817 2735 priscam
847 2655 1095 2733 orthographiam,
1124 2672 1185 2712 non
1220 2663 1389 2713 constanter

237 2778 353 2837 semper
375 2773 519 2821 seruatam
544 2763 575 2820 in
603 2763 826 2839 exemplaribus
850 2761 1004 2821 archaismi
1036 2759 1132 2819 studio
1160 2760 1299 2835 abreptus
1328 2760 1390 2818 uult

237 2868 383 2940 reducere,
411 2869 578 2945 complures
606 2869 715 2928 formas
750 2877 836 2945 atque
864 2866 940 2926 adeo
976 2865 1120 2926 uocabula
1148 2877 1177 2924 et
1205 2868 1390 2925 coniecturas

238 2976 412 3035 carminibus
436 2975 562 3035 intulerit
583 2992 658 3052 quae
679 2975 716 3032 ab
737 2975 802 3050 lpso
825 2984 912 3049 poeta
936 2973 1047 3033 alienae
1068 2981 1175 3032 essent.
1219 2971 1288 3031 Hoc
1309 2973 1389 3031 enim

237 3081 438 3141 demonstrare
452 3080 535 3140 locos
549 3099 585 3140 ex
601 3079 716 3141 Catullo
730 3080 834 3139 citatos
849 3080 873 3139 si
886 3081 961 3138 inter
975 3098 1006 3138 se
1021 3086 1226 3155 comparentur
1238 3079 1391 3155 quomodo

238 3198 304 3247 ante
315 3187 442 3247 Gellium
453 3197 482 3247 et
493 3196 562 3264 post
575 3185 655 3246 hunc
669 3186 766 3263 scripti
780 3187 853 3246 sint:
875 3186 1059 3246 emendatius
1073 3187 1153 3244 enim
1167 3186 1240 3244 tradi
1255 3203 1345 3261 quarn
1359 3186 1390 3242 in

239 3293 344 3354 Catulli
359 3294 509 3354 codicibus
525 3311 600 3371 quae
622 3304 688 3353 ante
710 3291 837 3353 Gellium
858 3294 989 3365 citentur,
1004 3302 1105 3352 contra
1126 3309 1201 3366 quae
1222 3301 1290 3366 post
1311 3290 1391 3350 hunc

238 3401 331 3461 isdem
346 3401 423 3461 uitiis
438 3401 570 3461 laborare
585 3402 690 3479 quibus
713 3399 866 3462 Catulliani
880 3399 1007 3460 codices.
1050 3398 1120 3458 Hoc
1133 3408 1165 3456 ut
1180 3398 1392 3456 demonstraret

239 3508 393 3584 scriptores
408 3509 574 3584 percensuit
588 3508 686 3567 hosce.

284 3631 309 3670 r.
332 3612 422 3673 Catal.
447 3614 503 3672 111.
525 3615 541 3671 6
568 3612 660 3672 Gener
679 3632 803 3689 socerque
820 3613 986 3689 perdidistis
1007 3612 1108 3681 omnin,
1129 3611 1180 3668 ubi
1201 3609 1283 3685 quod
1304 3610 1392 3669 habet

242 3719 333 3779 Gener
346 3739 478 3796 socnque,
493 3737 553 3778 non
571 3729 603 3778 ut
621 3719 726 3778 Catulli
747 3719 865 3779 codices
887 3717 970 3777 Socer
987 3735 1131 3795 generque,
1153 3716 1182 3774 id
1204 3734 1305 3773 uerum
1327 3734 1393 3774 esse

239 3829 322 3904 sequi
332 3845 369 3885 ex
381 3826 465 3886 Mart.
476 3826 530 3884 IX.
545 3842 592 3901 70.
603 3846 629 3901 3,
641 3826 752 3885 Mlnuc.
762 3826 869 3886 Octau.
886 3829 929 3886 18.
941 3828 969 3896 6,
981 3824 1070 3882 Anth.
1080 3825 1114 3882 L.
1124 3823 1148 3882 l.
1161 3825 1218 3895 4⁶2
1232 3822 1268 3881 R.

283 3954 309 3992 a.
331 3935 435 3994 Festus
449 3933 490 4012 (b.
502 3953 527 3992 e.
548 3934 667 3992 Verrius
682 3933 813 4004 Flaccus,
827 3932 906 3991 unde
928 3950 981 3990 sua
1003 3932 1106 3990 Festus
1127 3926 1284 4006 excerpsit)
1305 3929 1394 3988 habet

240 4048 405 4116 suppernata
430 4040 529 4099 XVII.
555 4059 600 4116 19,
622 4041 702 4098 molli
724 4039 843 4098 rabidus
867 4039 980 4096 LXIII.
1011 4042 1058 4113 38,
1080 4039 1204 4113 ploxeni
1224 4036 1350 4094 XCVII.
1374 4039 1393 4092 6

240 4164 294 4223 pro
309 4149 451 4224 corruptis
468 4147 697 4208 Catullianorum
709 4144 796 4205 MSS.
811 4152 947 4221 superata,
962 4146 1053 4203 rrollr's
1067 4144 1191 4214 rabidus,
1202 4143 1333 4218 plaxano
1346 4142 1394 4200 uel

234 4253 363 4327 ploxrn'o.
