2872 5002
583 292 843 360 CATVLLI

674 597 750 660 LII.

317 733 416 814 QVID
440 743 498 810 est,
523 732 675 798 Catulle?
705 735 783 816 quid
808 734 943 798 moraris
964 733 1090 798 emori?

359 845 449 908 Sella
473 846 505 907 in
527 845 648 909 curulei
673 846 808 909 Struma
831 847 960 909 Nonius
981 849 1085 922 sedet,

357 957 419 1019 Per
440 957 646 1021 consulatum
670 959 809 1039 perierat
831 957 1003 1020 Vatinius:

178 1190 200 1224 2.
239 1171 343 1223 Marius
358 1172 515 1224 Victorinus
531 1188 578 1236 174
593 1173 627 1224 G.
644 1189 710 1236 ²575
726 1170 757 1224 P.
795 1172 854 1224 Erit
872 1173 899 1223 in
916 1173 1043 1240 exemplo
1056 1173 1144 1225 ‘Sella
1161 1173 1187 1224 in
1201 1140 1329 1247 cutulf

141 1244 148 1271 ‘
161 1242 250 1295 scrofa
264 1242 368 1294 Nonius
380 1243 475 1295 sedet.’
521 1243 582 1294 Fiat
595 1249 702 1296 mutato
715 1251 831 1296 accentu
844 1258 894 1310 pro
907 1243 984 1295 sedet
999 1245 1078 1308 sedit,
1094 1244 1146 1295 erit
1160 1244 1288 1295 clauduff
1310 1254 1328 1271 ’

140 1330 231 1365 rursus
244 1312 315 1364 hunc
335 1313 499 1379 permutatio
519 1314 667 1366 uerborum
686 1313 767 1366 faelet
787 1314 933 1366 iambicum
953 1314 1087 1380 integrum
1107 1323 1137 1365 nt
1158 1308 1328 1366 ‘senata‘

141 1384 246 1435 ‘curuli
269 1386 358 1436 scrofa
378 1383 449 1436 sedit
470 1382 592 1436 Nonius’
607 1423 698 1438 .....
715 1383 791 1436 Idem
814 1384 961 1451 Hipponax
985 1385 1068 1437 etiam
1092 1384 1329 1437 tetrametrum!

141 1456 197 1521 pari
212 1456 270 1520 lege
282 1471 336 1521 qua
353 1455 508 1507 trimetrum
528 1455 642 1520 induxit,
655 1455 731 1507 cuius
748 1455 801 1507 erit
813 1456 968 1522 exemplum
982 1455 1054 1508 ‘Pro
1071 1456 1169 1523 pudor,
1182 1457 1248 1507 sella
1260 1456 1317 1507 ir}

142 1529 148 1553 ‘
162 1524 247 1577 curuli
260 1524 350 1576 scrofa
363 1524 468 1577 Nonius
480 1526 568 1577 sedit!

177 1596 273 1647 Atilius
288 1596 498 1648 Fortunatianus
515 1599 565 1658 267
571 1613 583 1660 3
598 1596 629 1649 P.
645 1613 693 1660 3¹4
708 1598 743 1648 G.
789 1595 873 1648 Cuius
890 1595 1044 1663 exemplum
1057 1598 1064 1625 ‘
1075 1596 1146 1647 Sella
1159 1597 1187 1647 in
1199 1591 1305 1648 curuli

141 1667 264 1718 ‘struma
282 1665 388 1718 Nonius
405 1666 495 1718 sedet’
515 1665 632 1736 (semina
650 1666 721 1719 sedit
740 1665 845 1719 Nonius
857 1666 908 1718 rod.
923 1665 971 1734 173
990 1682 1021 1718 ac
1040 1682 1091 1734 pro
1109 1666 1197 1731 sedet,
1216 1668 1293 1719 sedit

141 1738 194 1789 erit
207 1752 305 1788 scazon
319 1739 325 1764 ‘
340 1736 409 1788 Sella
423 1738 449 1789 in
463 1737 550 1789 curuli
562 1743 666 1789 struma
679 1737 785 1790 Nonius
796 1737 885 1789 sedit?

178 1807 247 1859 Plin.
263 1806 299 1859 ll.
314 1806 348 1858 Ν.
362 1807 518 1860 xxxvii.
533 1813 575 1859 81.
601 1808 684 1859 Extat
697 1807 832 1875 hodieque
844 1806 923 1859 huius
934 1807 1042 1873 generis
1053 1823 1161 1872 gemma
1174 1814 1287 1876 propter

141 1895 222 1946 qnam
236 1877 270 1929 ab
283 1878 404 1929 Antonio
422 1878 587 1946 proscriptus
603 1885 646 1930 est
663 1878 768 1930 Nonius
784 1883 895 1930 senator
913 1877 981 1930 filius
997 1885 1118 1930 strumae
1135 1877 1210 1931 Noni
1229 1880 1286 1930 eius

141 1965 223 2017 quem
237 1948 410 2017 QCatnllus
423 1955 504 2014 poeta
517 1950 543 2000 in
556 1948 621 2000 sella
633 1949 718 2001 curuli
731 1950 818 2000 uisum
832 1948 940 2014 indigne
952 1949 1024 2002 tulit.

178 2019 257 2071 Boet.
270 2019 304 2070 de
322 2019 432 2070 Consol.
447 2019 500 2071 ΙΙΙ.
515 2039 539 2084 4.
575 2020 660 2087 Atqui
680 2035 734 2072 non
750 2018 844 2085 fugare
862 2019 911 2071 sed
929 2019 1062 2071 illustrare
1078 2019 1172 2086 potius
1190 2021 1285 2088 nequi·

142 2091 207 2142 tiam
220 2091 324 2154 solent3
343 2105 398 2156 quo
416 2089 446 2140 tit
463 2096 494 2141 ut
512 2090 684 2156 indignemur
696 2106 741 2143 eas
753 2105 833 2156 saepe
847 2089 1017 2157 nequissimis
1029 2088 1186 2142 hominibus
1197 2092 1285 2143 conti-

140 2163 224 2227 gisse3
245 2160 317 2211 unde
335 2159 457 2212 Catullus
474 2160 538 2213 licet
555 2161 581 2212 in
595 2160 681 2212 curuli
699 2159 820 2212 Nonium
832 2159 978 2226 (Nomium
990 2161 1042 2213 eod.
1057 2179 1123 2214 saec.
1135 2163 1181 2212 XI
1192 2164 1219 2214 in
1232 2162 1284 2214 bib·

141 2233 246 2285 liotbeco
259 2229 356 2298 collegii
367 2231 511 2294 Trinitatis)
526 2230 668 2284 sedentem
682 2238 814 2283 strumam
826 2230 951 2298 appellat.

177 2302 258 2354 Llll.
272 2318 296 2365 5.
316 2303 419 2353 Seneca
432 2301 611 2354 Controuers.
623 2302 687 2354 Vll.
701 2319 741 2367 19,
751 2317 777 2368 p.
788 2319 835 2352 211
851 2299 894 2353 ed.
908 2300 1031 2354 Bursian.
1068 2300 1147 2354 Idem
1161 2301 1283 2369 (Caluus)

143 2380 238 2442 postea
250 2388 313 2424 cum
327 2371 433 2423 uideret
445 2387 461 2423 a
474 2372 617 2424 clientibus
628 2373 749 2435 Catonis,
763 2372 802 2424 rei
815 2373 864 2437 sui,
878 2371 1021 2424 Polionem
1033 2371 1156 2424 Asinium
1169 2373 1285 2425 circum·

142 2452 255 2497 uentum
280 2443 307 2494 in
331 2441 425 2508 lorica,
447 2443 539 2509 inponi
568 2459 597 2495 se
626 2459 708 2510 supra
735 2444 844 2510 cippum
867 2443 952 2506 iussit,
976 2447 1036 2495 erat
1060 2443 1136 2495 enirn
1160 2444 1286 2510 pamolus

139 2521 251 2578 statura,
265 2512 461 2581 propterquod
474 2513 556 2564 etiam
571 2514 694 2566 Catullus
706 2512 732 2564 in
746 2512 976 2580 hendecasyllabis
985 2519 1067 2566 uocat
1080 2512 1155 2566 illum
1168 2513 1284 2581 salaput-

140 2587 208 2638 tium
221 2585 363 2636 disertum.

141 2736 239 2745 ——-—

134 2815 211 2871 parte
230 2800 295 2852 nullo
313 2800 365 2853 alio
383 2800 510 2851 interiecto
528 2810 655 2862 extarent,
673 2809 697 2850 et
715 2801 741 2850 in
760 2816 837 2851 unum
857 2799 912 2850 iam
926 2797 1026 2866 pridem
1035 2796 1112 2864 salsa
1129 2798 1285 2860 coaluissent,

140 2893 157 2924 a
169 2872 253 2923 scriba
267 2873 305 2922 ita
319 2872 396 2922 credit
408 2870 626 2935 mutilatafuisse‚
640 2882 666 2920 ut
678 2880 702 2921 et
714 2871 864 2937 posteriores
879 2871 972 2936 prioris
989 2869 1113 2920 carminis
1128 2867 1176 2920 Ille
1189 2869 1226 2919 mi
1240 2883 1286 2935 par

139 2955 163 2994 et
173 2946 271 3010 priores
280 2943 424 3008 posterioris
441 2943 562 2991 carminis
577 2941 695 3007 strophae
705 2959 790 2992 errore
801 2940 907 3007 quodam
923 2941 1104 2991 omitterentur.
1141 2939 1285 2992 Ribbeckius

141 3032 183 3064 nec
196 3011 313 3063 lacunam
326 3012 439 3078 agnoseit
451 3029 493 3062 nec
505 3010 719 3078 interpolationem
730 3010 771 3061 ubi
780 3011 809 3062 de
818 3010 846 3061 C.
858 3009 957 3061 Valerio
970 3008 1069 3061 Catullo
1077 3010 1192 3078 disputat
1200 3021 1228 3078 p.
1240 3013 1286 3073 56.-

142 3084 293 3149 ll'estphalio
306 3080 344 3149 (p.
359 3080 407 3148 48)
420 3099 498 3133 nexus
511 3082 551 3133 hic
562 3091 608 3133 est.
645 3083 757 3132 ‘Amore
772 3080 876 3132 Lesbiae
888 3081 997 3132 deuictrcs
1012 3098 1086 3144 sum,·
1104 3080 1199 3131 sedhic
1212 3099 1285 3132 amor

140 3152 329 3204 ‘dissoluendas
347 3163 392 3214 est,
405 3169 434 3201 ne
451 3151 485 3203 ab
503 3154 550 3202 otio
569 3152 645 3202 nimio
663 3163 741 3215 ortus,
757 3152 863 3203 exitium
883 3148 982 3203 Catullo
999 3151 1104 3220 inferat,
1116 3163 1145 3202 ut
1163 3151 1285 3217 quondam

140 3224 253 3275 ‘Paridi
278 3240 309 3273 ac
337 3224 450 3273 ‘Iror'anis
476 3224 552 3273 exitio
567 3221 626 3286 fuit
652 3240 727 3274 amor
754 3221 867 3273 mulieris
896 3220 1011 3273 alienae!
1050 3221 1199 3272 laeutsrhius
1223 3222 1285 3272 duas

140 3295 256 3362 strophas
285 3293 363 3346 credit
385 3303 442 3360 post
461 3310 484 3342 u.
509 3309 537 3342 12
558 3293 677 3344 excidisse
703 3291 790 3360 quibus
810 3292 927 3344 Catullus
945 3293 1029 3344 amori
1045 3292 1103 3343 uale
1125 3291 1228 3357 dixerit,
1251 3293 1285 3358 tf.

141 3365 274 3417 LXXVI:
299 3382 342 3416 ner
361 3362 439 3414 multo
458 3361 536 3414 aliter
556 3364 695 3415 Pleitnerus
718 3364 788 3415 Stud.
809 3362 905 3414 Catali.
921 3373 948 3430 p.
971 3378 1013 3425 75.
1049 3362 1091 3414 De
1114 3361 1164 3413 hac
1185 3381 1213 3415 re
1232 3362 1286 3414 diei

132 3437 222 3502 fusius
234 3437 260 3486 in
273 3435 467 3486 Commentario.
682 3502 734 3554 Lll

178 3595 206 3642 ln
223 3591 339 3642 Nomen.
357 3587 592 3641 ABGHLLa¹La²
688 3588 730 3640 Ad
744 3587 863 3640 Nouium
877 3591 894 3640 h
991 3587 1022 3639 ln
1036 3587 1157 3640 Nouium
1170 3593 1199 3640 et
1212 3589 1246 3642 ad
1257 3605 1286 3642 se

141 3665 227 3731 ipsum
240 3684 257 3714 a
349 3660 504 3711 lnnoqum
519 3658 657 3724 (lnenium
669 3661 697 3725 dl
711 3666 739 3711 et
751 3660 885 3712 uatinium
897 3660 939 3712 Pd
985 3661 1100 3728 Spatium
1114 3661 1187 3712 unius
1200 3679 1285 3714 uersus

140 3738 167 3786 in
181 3736 211 3798 0,
225 3733 294 3785 ubi=
297 3733 383 3800 primo
397 3751 420 3782 u.
428 3730 572 3798 praeatum
584 3742 629 3781 est.

179 3823 201 3856 1.
239 3797 523 3855 catulleABCOVLa²
592 3800 681 3851 catule
696 3798 745 3851 ια1
819 3801 982 3863 moriarisII
1036 3801 1284 3854 :nruacoddomnes

142 3878 234 3928 sinceri
305 3872 391 3924 emori
405 3874 436 3923 Ρ.

178 3963 202 3997 2.
238 3943 324 3995 curuli
339 3944 362 3995 G
374 3954 399 3994 et
407 3943 519 4010 plerique
584 3942 716 3994 curuluO
770 3941 880 3993 currulli
893 3943 929 3994 ab
985 3940 1130 3994 scroIaM.
1145 3943 1284 3994 Waorinus

143 4030 181 4069 ter
197 4031 262 4078 2575
276 4017 308 4066 P.
373 4009 776 4065 normuBCGHL11¹La²0PVh
841 4028 928 4063 nouus
945 4014 1010 4064 Ata
1081 4013 1284 4065 neuiusDRic.

142 4090 194 4138 606
214 4085 310 4137 nonius
329 4085 469 4136 Victorinus
488 4084 555 4135 Atii.
572 4084 674 4136 Fortun.
689 4087 738 4145 267
744 4100 756 4147 3
776 4085 808 4134 P.
827 4099 875 4146 314
897 4085 928 4137 G.
945 4083 1014 4135 Plin.
1030 4085 1064 4136 H.
1081 4083 1118 4136 N.
1134 4084 1282 4135 XXXVII.

141 4164 184 4223 81,
197 4157 297 4208 Boetius
309 4155 338 4207 de
351 4154 521 4207 Consolatione
534 4155 587 4206 III.
600 4173 626 4216 4.

177 4245 200 4292 3.
234 4228 348 4289 periurat
367 4221 571 4277 BGLa¹La¹OV
578 4226 696 4277 l'senerus
708 4226 735 4275 in
748 4224 895 4277 Fleckeiseni
907 4226 977 4276 Ann.
991 4226 1057 4288 1865
1064 4227 1154 4293 pand
1227 4223 1284 4292 pei·

138 4346 198 4393 erat
212 4337 375 4392 ACDLHah
454 4335 576 4388 nacinius
589 4333 769 4388 ACGLa¹Lai
848 4302 963 4387 uicinius
976 4336 1005 4387 H
1072 4334 1213 4388 uacciuius
1226 4334 1255 4387 V.
