2872 5002
228 368 288 423 336
691 361 907 424 Excvnsvs

267 527 352 588 Haec
365 528 404 587 ad
418 528 544 588 Comam
559 527 717 589 Beronices
735 548 769 587 ια
784 528 966 589 vastatum
988 526 1068 587 sinis
1088 528 1201 588 inerat
1221 528 1389 606 Assyrios

225 628 369 704 pertinere
382 627 523 686 censebat
541 626 629 685 Anna
650 626 744 698 Fabri,
758 637 789 686 et
801 638 870 704 post
889 645 957 686 eam
977 625 1170 687 Blomsreldus
1190 636 1221 685 et
1242 625 1388 702 Bergkins

226 726 401 801 negantibus
412 725 612 807 ‘Boissonadio
627 723 744 784 Naekio
759 725 939 785 Schneidero
954 724 1068 785 Gallim
1082 725 1122 784 11.
1137 744 1167 801 p.
1183 741 1255 796 4²0·

265 823 397 882 Eustath.
412 823 449 882 ad
465 822 556 882 Hom.
572 822 678 899 Odyss.
693 822 809 882 XXIII.
823 842 852 899 p.
867 826 926 881 812
937 823 1034 879 Ἦδω·
1054 824 1180 881 Ἰωνικῶς.
1206 822 1387 896 nonamque.

220 923 307 978 Ἦδια
319 926 423 994 μᾶλλον
435 925 487 996 ἐγώ
501 945 566 979 κοτε.
609 920 696 980 Haec
709 921 747 978 ad
761 940 790 979 ιι.
807 924 845 979 26

794 1043 841 1101 At
861 1052 896 1101 te
916 1061 981 1119 ego
1003 1052 1096 1102 certe

387 1140 581 1217 Cognoram
602 1159 620 1199 a
641 1158 746 1217 parua
766 1140 900 1216 uirgine
921 1141 1176 1216 magnanimum

226 1273 312 1331 refert
326 1269 456 1330 Naekius
471 1271 502 1329 in
517 1269 628 1329 Hecale
643 1289 671 1347 p.
691 1273 756 1345 163,
770 1271 915 1347 probante
929 1268 1078 1329 Heckero.

268 1370 601 1443 Suidass.u.11‹piopi}.
626 1371 705 1426 uini
725 1374 828 1443 γενετῆς
847 1373 989 1440 πλόκαμος,
1003 1374 1019 1424 ὀ
1031 1370 1135 1440 μηδίπιν
1149 1369 1245 1442 παρείς.
1268 1371 1307 1423 ἔτι
1320 1372 1384 1424 σλο-

226 1472 315 1540 κάμοιο
339 1469 466 1543 περίθριξ,
490 1484 566 1543 quae
586 1467 677 1525 uerba
697 1466 735 1525 ad
756 1465 883 1526 Comam
909 1466 1066 1527 Beronices
1087 1466 1235 1543 pertinere
1264 1466 1384 1543 putabat

228 1566 372 1643 Toupius,
388 1583 477 1643 posse
491 1565 635 1642 pertinere
650 1564 689 1623 ad
703 1584 730 1623 u.
748 1580 784 1639 77

278 1699 425 1773 Quicum
445 1715 511 1775 ego
532 1698 609 1757 dum
631 1701 730 1775 uirgo
751 1698 923 1776 quondam
945 1698 1009 1757 iuit
1029 1697 1189 1756 omnibus
1211 1715 1338 1774 expers

226 1852 395 1911 quanquam
419 1834 468 1891 uix
490 1834 559 1893 satis
580 1833 686 1893 idonee
707 1835 794 1894 etiam
816 1832 946 1893 Naelcius
970 1833 1108 1912 opinatus
1135 1843 1180 1891 est
1208 1834 1241 1891 in
1270 1832 1383 1892 Hecale

167 1938 171 1946 '
226 1951 256 2011 p.
275 1933 338 1990 162.

266 2065 361 2142 Etym.
378 2063 420 2122 Μ
435 2063 575 2135 Ἐλειῆτης.
603 2064 698 2121 «iiior

512 2169 654 2242 Ἐσχατίην
674 2171 724 2226 ini
743 2170 822 2239 αἰζαν
842 2171 959 2242 ε’λειὴταα
978 2170 1083 2228 λέοντας

226 2291 322 2366 εἴρηται
339 2294 407 2364 napi
427 2293 473 2362 τὴν
493 2293 563 2361 ε’λην,
586 2268 632 2362 ripn
652 2292 802 2364 θερμότητα,
816 2290 831 2361 ἦ
845 2293 947 2364 λε’γεται
967 2294 1008 2348 καλ
1027 2291 1094 2362 εἴλη,
1115 2297 1275 2370 πλεονασμῷ
1297 2299 1344 2350 τοῦ
1363 2318 1380 2350 ι.

221 2389 259 2446 Ἣ
273 2393 343 2463 παρὰ
355 2393 385 2445 τὸ
399 2391 462 2447 ἕλος
475 2391 514 2446 ὅτι
527 2392 579 2462 πρὸ
593 2394 799 2463 καταστερισμαῡ
813 2391 840 2446 ἔν
853 2391 945 2446 ἕλεσιν
957 2390 1066 2462 ε’νέμετο.
1105 2387 1194 2464 Ὅροι.

189 2563 195 2574 .
268 2512 353 2572 Com.
370 2514 416 2585 65.

369 2617 524 2693 Virginis
545 2627 578 2675 et
597 2619 692 2677 saeui
714 2618 920 2692 contingens
941 2635 1087 2693 namque
1108 2617 1236 2677 Leonis

412 2714 563 2786 Lumina,

226 2859 262 2898 eo
277 2841 354 2899 enim
371 2850 438 2914 post
454 2837 621 2897 Heckerum
643 2837 785 2914 Bergkius
802 2849 831 2896 et
846 2836 882 2897 O.
900 2838 1093 2898 Schneiderus
1108 2841 1278 2899 retulerunt.

268 2937 367 3011 Steph.
383 2936 501 3011 Byzani.
517 2937 634 3010 Αἴδηψον
647 2942 723 2995 πόλις
737 2940 855 3003 Εὖβοίας.
884 2937 915 3006 ἦν
932 2940 959 2994 δὲ
981 2940 1075 3012 σιδηρᾶ
1096 2939 1136 2994 καὶ
1156 2943 1244 3011 χαλκᾶ
1264 2943 1381 3010 μέταλλα

227 3038 289 3091 κατὰ
303 3040 421 3100 Εὔβοιαν·
445 3036 611 3107 Καλλίμαχος

535 3158 623 3212 δέδαεν
645 3159 672 3214 δὲ
693 3159 846 3230 λαχαινίμεν
865 3160 928 3232 ἔργα
948 3159 1054 3231 σιδηροῦ

268 3277 351 3335 Haec
367 3296 453 3354 posse
468 3277 505 3336 ad
521 3278 633 3337 Comae
647 3298 676 3338 u.
692 3299 729 3353 49
746 3279 843 3339 referri
857 3281 909 3337 rati
924 3290 991 3338 sunt
1004 3290 1073 3357 post
1095 3279 1268 3340 Heckerum
1290 3283 1380 3359 Berg-

226 3377 290 3436 kius
305 3388 332 3435 et
348 3376 513 3447 Rauchius;
536 3376 573 3435 ad
589 3377 661 3433 Αἲτια
675 3378 772 3453 potius
787 3389 925 3438 reuocant
940 3377 1088 3438 Bentleius
1102 3390 1131 3437 et
1147 3377 1290 3439 Naekius

266 3493 362 3570 Etym.
379 3492 420 3549 M.
443 3493 574 3565 ὁλύχνος,
588 3495 620 3548 τὰ
633 3493 723 3566 λύχνα,
740 3497 773 3551 ὧν
787 3496 855 3567 παρὰ
870 3496 1039 3570 Καλλιμάχῳ.

672 3592 756 3664 λύχνα
769 3596 871 3663 φανείη.

266 3713 350 3785 Quae
366 3734 383 3772 a
397 3713 511 3773 Naekio
526 3714 685 3772 referuntur
699 3713 736 3772 ad
751 3712 834 3771 Com.
855 3728 892 3788 79

375 3837 472 3895 Nunc
494 3855 555 3895 uos
576 3847 696 3912 optato
718 3855 801 3913 quas
822 3839 934 3895 iunxit
954 3837 1081 3897 lumine
1103 3837 1212 3895 taeda.

265 3958 431 4034 Hesychius
454 3961 627 4029 Πλοκαμὼδεα
649 3963 694 4015 τὸν
715 3960 793 4016 οὖλον
813 3963 970 4033 βόστρυχον.
1012 3959 1060 4018 Ad
1082 3959 1210 4018 Comam
1231 3960 1321 4019 refert
1342 3961 1378 4020 Ο.

225 4055 427 4127 Schneiderus,
449 4056 500 4113 sed
525 4055 651 4114 incertus
676 4074 763 4132 quem
789 4059 826 4116 ad
852 4075 970 4116 uersum
991 4056 1141 4134 pertineat,
1164 4074 1234 4113 cum
1257 4077 1314 4136 pro
1336 4079 1382 4117 me

224 4153 351 4229 p'ositum
366 4153 404 4212 ad
419 4153 525 4211 multos
541 4154 662 4229 quadret
678 4172 716 4229 33
733 4156 770 4229 63
787 4158 825 4231 69
842 4170 880 4229 74
896 4174 945 4231 9ι.

264 4251 302 4309 Et
330 4252 401 4310 haec
430 4251 547 4326 quidem
576 4253 635 4311 duo
659 4271 677 4310 a
702 4253 851 4328 cupidiore
879 4262 992 4311 tantum
1020 4251 1057 4311 ad
1086 4254 1219 4326 Βερενίκης
1247 4258 1382 4327 πλόκαμον

225 4346 321 4406 referri
343 4359 473 4423 possunt
518 4347 625 4408 Melius
646 4368 683 4409 eo
704 4351 834 4409 retuleris
856 4368 931 4427 quae
953 4359 1098 4409 secuntur.

266 4458 393 4518 Achilles
417 4457 523 4520 Statius
547 4462 576 4519 in
602 4462 728 4540 isagoge
753 4461 792 4522 ad
815 4462 895 4522 Arati
921 4463 1080 4523 Phaenom.
1108 4482 1143 4535 14
1169 4460 1213 4541 (in
1242 4463 1381 4544 Dionysii
