2872 5002
534 294 757 356 EXCVRSVS.
1161 301 1218 357 351

69 460 203 535 largioris
234 458 452 535 significationis
487 460 664 519 uocabulum
699 459 737 518 de
771 457 888 535 gallinis
920 458 1025 518 dicitur
1059 460 1221 519 secundum

71 556 204 615 Nonium
218 575 247 634 p.
267 559 322 630 156
339 557 385 615 uel
400 557 499 634 pullis¹
513 559 552 616 ib.
567 576 595 634 p.
610 572 669 631 450
681 557 727 615 uel
739 557 836 632 pueris
850 554 1084 635 (Reyfferscheid
1098 576 1127 634 p.
1142 556 1220 636 248),

71 664 99 712 et
127 656 195 713 hinc
224 655 378 731 pipulum
407 655 583 714 declinatum
611 673 675 715 esse
704 654 791 713 docet
815 653 910 713 Varro
938 655 972 714 L.
999 653 1032 715 L.
1057 655 1127 714 VII.
1154 675 1221 730 103.

71 751 169 810 Huius
191 752 402 811 deminutiuum
424 771 593 830 quanquam
613 752 661 811 uel
681 753 712 811 in
733 753 743 809 i
763 752 810 811 uel
831 771 850 811 u
872 751 989 811 formari
1012 763 1134 829 poterat,
1152 763 1183 813 ut
1204 772 1223 811 a

71 851 159 926 uagio
183 851 263 909 uenit
289 851 335 908 uel
356 851 454 927 uagilo
479 852 526 909 uel
554 849 670 926 uagu10,
693 850 838 926 pipilare
866 869 935 909 cum
963 850 1110 927 Scaligero
1138 869 1222 928 prae-

72 948 224 1006 ferendum
251 968 368 1019 censeo,
397 958 459 1007 tum
486 949 566 1026 quod
594 949 624 1006 in
653 948 759 1007 Catulli
785 948 936 1008 codicibus
971 949 1127 1025 pipulare
1162 967 1223 1008 non

72 1048 205 1116 occurrit,
227 1046 333 1105 habent
355 1047 433 1105 enim
454 1057 502 1105 aut
524 1046 678 1123 piplabat
699 1056 748 1104 aut
768 1047 984 1126 pipil(l)abat‚
1007 1056 1070 1106 turn
1091 1047 1171 1123 quod
1191 1049 1223 1105 in

72 1145 223 1202 uocabulis
247 1162 322 1219 quae
349 1145 476 1203 sonitum
498 1143 674 1213 describunt,
694 1142 818 1201 litteram
839 1142 849 1200 i
869 1144 1026 1221 praecipue
1048 1143 1224 1203 affectabant

73 1241 210 1313 Romani,
235 1241 322 1320 idque
348 1259 409 1300 non
434 1241 529 1300 solum
553 1241 603 1300 ubi
627 1240 820 1317 praecedente
848 1241 937 1301 altera
961 1243 970 1299 i
995 1260 1083 1300 causa
1111 1242 1224 1301 accedit

73 1339 292 1410 consonantiae,
317 1349 348 1396 ut
369 1340 495 1414 plipt'are
518 1339 659 1414 linnrpare
682 1340 830 1397 ainaihun
854 1341 1088 1415 tritbrelpipr'lare
1115 1341 1224 1414 qui'rri·

73 1445 133 1495 tare
153 1437 276 1509 sibilare,
298 1438 350 1496 sed
371 1439 459 1497 etiam
480 1437 551 1496 alias
571 1448 604 1496 ut
624 1439 758 1495 trmz'lare
772 1440 903 1512 partiare
924 1439 1064 1513 mugr'larc
1079 1439 1225 1514 gracilare

66 1516 227 1611 plausitare
249 1536 410 1611 glaucilare
425 1534 569 1612 faciliore
596 1535 726 1593 soccilarc
749 1536 893 1610 passeiare
921 1535 1069 1594 bombr'larc
1096 1545 1128 1593 ut
1155 1534 1225 1592 nihil

74 1633 169 1691 dicam
184 1632 220 1691 de
234 1634 269 1691 iis
284 1633 333 1690 ubi
348 1634 356 1689 i
371 1633 494 1708 singulis
514 1632 630 1708 syllabis
646 1633 766 1691 recurrit
780 1642 812 1691 ut
832 1633 946 1691 iziinr're
966 1634 1077 1691 mi'cci'rc
1095 1633 1227 1692 mrirlrire

68 1733 186 1807 glz'ccirc
191 1731 344 1806 finlritnire
358 1730 642 1807 craspr'resrr'tritm're
656 1731 793 1788 tr'linnire.

259 2050 545 2124 ADDENDA
586 2050 1035 2124 PROLEGOMENIS.

611 2261 640 2317 p.
656 2260 691 2300 vr.

118 2393 308 2452 Testimoniis
319 2391 488 2451 Catullianis
502 2389 637 2449 addenda
648 2400 730 2450 erant
740 2390 822 2463 haec,
833 2408 909 2468 quae
921 2389 1068 2468 Hauptius
1079 2391 1227 2467 congessit

78 2492 232 2568 (Opuscul.
250 2490 289 2549 II.
304 2511 334 2568 p.
351 2486 432 2567 641).

118 2591 155 2648 V.
172 2611 189 2662 4
205 2590 334 2648 Iulianus
349 2588 509 2647 Toletanus
524 2588 554 2644 in
568 2586 639 2645 Arte
653 2607 682 2664 p.
698 2583 754 2662 63¹>
768 2585 903 2645 editionis
925 2585 1078 2645 Romanae
1101 2585 1227 2665 (Keilius

76 2690 156 2747 enim
170 2687 242 2746 haec
257 2706 318 2746 non
332 2682 487 2763 excerpsit)
501 2687 537 2743 da
545 2687 678 2761 propriae
692 2685 836 2760 qualziatis
850 2703 945 2742 nomen
959 2682 1033 2740 ‘sol'
1047 2689 1074 2739 et
1085 2685 1152 2759 quia
1168 2681 1232 2763 (qui

76 2782 238 2861 Hauptius)
252 2785 333 2842 dixi!
342 2782 410 2841 soles
423 2784 466 2840 ire
479 2790 505 2840 et
518 2783 610 2839 redire
620 2788 738 2857 possunt
744 2791 798 2856 pro
811 2781 903 2839 diibus
916 2782 966 2839 hoc
978 2781 1064 2839 drkcr't.

98 2879 226 2938 XXVII.
265 2900 279 2937 2
303 2880 402 2939 Gloss.
431 2878 524 2937 Labb.
553 2897 581 2956 p.
612 2876 667 2953 93¹²
698 2878 780 2954 inger
809 2878 945 2952 εἶσὴροξοο
974 2874 1131 2955 (εἵσκροσον
1157 2874 1228 2934 Vul-

344 2975 465 3055 canius).

171 3074 249 3134 XLI.
261 3078 279 3133 8
301 3073 399 3135 Gloss.
413 3073 505 3132 Labb.
520 3093 547 3151 p.
565 3077 617 3147 87⁰
630 3074 810 3149 imaginosus
824 3074 966 3144 εἰκονώδηε.

175 3173 224 3232 LI.
243 3191 276 3230 11
302 3173 399 3232 Gloss
415 3172 507 3232 Labb.
530 3191 559 3248 p.
578 3175 650 3244 185a
663 3172 767 3229 tintino
781 3171 913 3238 ἁλολάζο.

161 3270 240 3331 LIV.
264 3285 279 3346 7
303 3270 401 3330 Gloss.
416 3271 506 3330 Labb.
526 3267 581 3345 87d
595 3269 814 3328 immerentibus
828 3269 949 3338 ἀναξίοις.

145 3369 239 3428 LVII.
263 3371 280 3426 6
303 3369 401 3428 Gloss.
417 3367 510 3427 Labb.
525 3387 553 3445 p.
573 3370 645 3426 116³
659 3369 815 3427 morbosus
829 3368 943 3425 ποθοιός.

121 3467 231 3526 LXIV.
244 3482 282 3542 55
304 3466 401 3526 Gloss.
416 3465 509 3524 Labb.
524 3484 553 3542 p.
573 3463 645 3541 119b
659 3463 787 3524 necdum
800 3464 887 3523 etiam
902 3466 1072 3520 obtenebrare.

121 3566 229 3625 LXVI.
261 3579 276 3640 7
300 3565 397 3625 Gloss.
419 3563 512 3624 Labb.
534 3584 563 3641 p.
587 3562 642 3640 39b
664 3563 768 3623 Canon
793 3567 887 3631 Σάμιος
906 3562 1086 3633 μαθηματικός.
1142 3558 1229 3618 Cous.

346 3650 475 3724 Probum
489 3676 517 3726 et
533 3665 630 3725 Schol.
645 3664 730 3723 Bern.
748 3662 785 3722 ad
799 3660 909 3738 Vergil
925 3661 991 3718 buc.
1007 3658 1065 3717 III.
1081 3676 1128 3729 40.

80 3764 221 3826 LXVIII.
235 3768 290 3823 128
307 3764 404 3823 Gloss.
419 3764 511 3823 Labb.
526 3784 555 3841 p.
574 3775 644 3839 117⁰
658 3761 826 3821 multiuolus
839 3759 1013 3827 πολύβουλος.

124 3864 170 3922 Ex
185 3865 230 3923 hIs
244 3873 310 3922 sunt
324 3880 399 3939 quae
412 3861 600 3921 referendane
615 3863 673 3922 sint
687 3859 725 3919 ad
740 3857 886 3918 Catullum
907 3854 993 3914 ualde
1013 3854 1156 3912 incertum
1177 3863 1230 3911 est.

82 3964 168 4035 Quae
193 3972 327 4021 secuntur
351 3963 413 4038 ipse
438 3961 557 4038 collegi:
587 3971 710 4037 possunt
732 3958 811 4018 enim
837 3955 929 4014 uideri
956 3963 1075 4029 poetam
1100 3960 1232 4010 nostrum

82 4079 192 4138 sapere.

116 4210 124 4238 ¹
142 4211 240 4271 Pipire
255 4210 284 4258 de
300 4209 369 4271 pullis
385 4218 478 4271 usurpat
495 4164 622 4257 Cblumella
635 4207 663 4254 V.
681 4205 705 4253 8.
719 4218 750 4268 14
767 4202 937 4251 animaduertat
954 4216 985 4247 an
999 4199 1060 4262 pulli
1075 4197 1171 4245 rostellis
1189 4209 1234 4242 oua

80 4293 228 4355 persederint
242 4301 264 4339 et
279 4293 419 4341 auxilietur
435 4308 466 4340 an
484 4294 603 4355 pipiant.
637 4289 698 4336 Hinc
717 4288 803 4348 pipin,
817 4286 876 4332 onis
893 4283 917 4331 h.
929 4299 950 4330 e.
960 4283 1036 4345 pullus
1053 4281 1129 4329 adhuc
1146 4279 1235 4341 pipicus

84 4376 174 4423 uidetur
184 4376 320 4436 prouenisse.
353 4376 461 4438 Pipiones
468 4375 530 4437 pulli
540 4373 697 4423 columbarum
710 4370 767 4418 Mai.
779 4367 844 4415 VIII.
856 4381 879 4427 p.
891 4367 948 4431 483.
