2872 5002
226 398 284 452 316
694 387 909 448 EXCVRSVS

225 555 322 632 Epod.
337 553 389 613 XI.
408 570 445 628 23
466 551 555 611 Nure
570 554 723 628 gloriantis
743 553 892 627 quamlibet
909 552 1100 609 mula'ereulam
1128 550 1245 610 Vincere
1266 554 1380 612 mollib'a

226 654 316 711 Amor
329 652 446 726 Lycisci
461 671 502 708 me
515 657 584 708 tenet
595 660 624 709 at
637 651 719 727 quod
740 650 776 708 de
798 651 944 709 uocabulo
965 652 1180 709 munerarios
1201 652 1290 721 ualet,
1305 653 1380 710 cadit

226 752 313 809 etiam
339 750 368 807 in
396 748 618 807 mulierarios
663 747 784 806 Habent
808 748 839 806 id
863 748 982 824 quidem
1007 748 1098 806 multa
1122 746 1285 819 Glossaria,
1308 749 1378 806 Mai.

227 850 313 907 Auct.
342 847 434 906 Class.
463 845 548 904 VIII.
579 848 637 920 363
666 846 845 905 mulierum
870 845 1029 923 frequens
1052 847 1238 923 appetitor.
1283 845 1379 905 Gloss.

227 946 422 1005 Hildebrandi
452 963 508 1002 212
539 943 736 1002 Mulerosus
764 941 830 1021 (sic)
859 943 1081 1003 mulierarius.
1140 943 1240 1003 Gloss.
1273 945 1379 1021 Papiae

227 1042 460 1101 Mulierarium
489 1042 723 1101 [aemelarium
752 1043 885 1118 antiqui
913 1041 1090 1101 dicebant:
1119 1043 1173 1100 sed
1198 1042 1248 1100 hic
1277 1061 1380 1102 sensus

226 1139 304 1197 haud
319 1141 380 1198 scio
394 1157 433 1196 an
448 1139 526 1214 apud
544 1139 634 1197 ullum
656 1140 752 1198 bonae
773 1139 918 1197 latinitatis
939 1140 1112 1215 scriptorem
1133 1149 1221 1210 extet,
1238 1139 1379 1215 quemad-

228 1237 350 1294 modum
365 1255 403 1293 ne
417 1237 622 1314 mulierosus
637 1236 755 1311 quidem
769 1236 824 1293 nisi
839 1253 956 1310 perraro
971 1235 1076 1293 Cicero
1090 1236 1206 1294 uidetur
1219 1237 1380 1312 scripsisse.

227 1332 311 1391 Idem
326 1332 407 1408 quod
426 1333 653 1391 mulierarium
670 1350 806 1390 manum
826 1331 897 1390 dixit
911 1350 965 1408 pro
979 1331 1081 1390 Caelio
1096 1332 1244 1401 XXVIII,
1260 1351 1379 1391 manum

227 1429 381 1488 hominum
408 1431 480 1489 dixit
514 1439 749 1505 comparatorum
777 1447 795 1487 a
823 1429 944 1501 Clodia;
981 1447 1076 1505 neque
1104 1429 1183 1488 hunc
1212 1431 1303 1488 credo
1331 1440 1380 1487 aut

228 1528 443 1585 mulierarios
467 1527 522 1585 nisi
544 1526 659 1585 adiecto
683 1527 801 1584 nomine
826 1535 876 1584 aut
901 1527 925 1584 si
949 1527 1092 1586 adiectiue
1120 1545 1192 1585 usus
1221 1537 1300 1586 esset
1327 1544 1380 1604 pro

228 1623 383 1683 mulieroso
405 1624 548 1700 dicturum
569 1623 666 1682 fuisse.

547 1840 763 1901 EXCVRSVS
785 1842 824 1900 ad
845 1839 973 1899 XXVII.
992 1859 1017 1910 1,
1034 1859 1059 1897 a.

272 1976 313 2034 Hi
325 1995 426 2036 uersus
441 1979 482 2037 sic
497 1981 595 2057 scripti
609 1991 676 2039 sunt
692 1983 721 2039 in
736 1979 880 2039 Gronouii
893 1980 995 2039 codice
1006 1979 1083 2039 Gelli
1097 1978 1126 2036 N
1141 1997 1175 2035 ar
1187 1977 1380 2039 bibliothecae

231 2072 383 2132 Leidensis
411 2076 545 2134 minist*
571 2078 703 2155 neatuli
732 2096 814 2154 puer
838 2076 969 2136 salerni.
997 2074 1043 2152 ig'
1068 2076 1111 2134 mi
1137 2076 1271 2134 cabiles
1299 2094 1382 2134 ama·

230 2171 346 2242 riores,
361 2172 402 2230 uti
416 2190 469 2249 per
482 2173 589 2232 litteras
603 2193 651 2232 me
666 2174 782 2233 edocuit
795 2174 839 2230 uir
853 2173 1056 2232 solertissimus
1072 2171 1118 2229 W.
1135 2171 1172 2229 N.
1190 2171 1231 2230 du
1247 2172 1332 2231 Rieu.

566 2371 781 2431 EXCVRSVS
803 2373 841 2431 ad
863 2372 991 2431 XXVII.
1014 2392 1041 2444 4.

475 2502 519 2560 Vt
538 2502 593 2562 Iex
614 2504 811 2564 Postumiae
833 2505 926 2562 iubet
946 2504 1133 2579 magistrae

474 2598 621 2660 Ebriosa
640 2603 738 2660 acina
759 2600 969 2659 ebriosioris.

231 2727 290 2787 Hic
305 2747 405 2789 uersus
419 2748 487 2788 cum
502 2730 593 2790 tribus
607 2749 682 2806 quos
700 2731 827 2806 sequitur
841 2730 943 2805 legitur
957 2729 1045 2787 etiam
1058 2729 1088 2785 in
1104 2729 1139 2787 Α.
1157 2728 1236 2788 Gelli
1252 2730 1383 2788 noctibus

230 2824 332 2884 Atticis
353 2826 422 2885 vn.
447 2848 492 2885 20.

271 2921 411 2998 Scriptum
426 2927 456 2981 in
470 2927 585 3000 quadarn
606 2928 797 2983 commentaria
817 2927 933 3001 repperi,
948 2944 1045 2982 uersus
1066 2926 1131 2982 silas
1152 2945 1172 2983 a
1200 2926 1323 3002 Vergilia
1344 2930 1382 2984 ila

222 3022 349 3092 primum
363 3041 419 3078 esse
431 3024 556 3081 recelalas
570 3031 650 3099 alque
662 3026 743 3080 ede'ias
754 3044 765 3080 .·

394 3153 515 3212 Talem
538 3156 634 3213 diues
656 3165 728 3214 arat
749 3156 868 3232 Capua
889 3165 921 3212 et
942 3155 1058 3213 uicina
1078 3154 1217 3215 Veseuo

395 3249 483 3308 Nola
504 3252 601 3326 iugo;

227 3388 319 3456 pastea
349 3379 499 3456 Vergiliana
516 3383 618 3457 petisse
639 3403 657 3440 a
680 3382 811 3454 Nolana,
836 3402 937 3459 aquarn
959 3385 1004 3440 ali
1021 3383 1130 3440 duceret
1149 3385 1180 3440 in
1197 3386 1382 3460 propinquam

231 3499 289 3549 rus,
304 3477 432 3536 Nolanos
446 3480 600 3555 beneficiam
611 3483 723 3556 petrium
744 3483 918 3557 nauseasse,
928 3488 1033 3556 pariam
1050 3481 1182 3557 effusura
1195 3501 1293 3539 namen
1308 3482 1383 3540 arbe's

231 3595 332 3646 earum,
360 3579 446 3651 quasi
475 3597 514 3635 ex
541 3579 681 3635 harnimaa
709 3580 847 3647 memoria,
875 3580 918 3634 sic
946 3597 985 3634 ex
1012 3580 1134 3634 carmine
1162 3597 1212 3635 suo
1240 3581 1382 3647 derasisse,

233 3671 405 3748 ‘aram'que
420 3686 474 3750 pra
496 3674 608 3733 ‘Nola'
630 3683 749 3733 mutasse
768 3682 847 3751 alque
868 3678 907 3733 ila
928 3677 1093 3749 reliquisse:

882 3816 914 3864 et
934 3806 1048 3864 uicina
1069 3804 1206 3864 Veseuo

395 3903 463 3962 Ora
484 3904 571 3978 iugo.

231 4030 280 4088 Ea
295 4051 339 4089 res
353 4051 454 4090 uerane
467 4054 505 4091 an
514 4035 603 4110 salsa
619 4035 665 4105 sil,
681 4054 734 4091 nan
755 4034 874 4102 labara,·
897 4036 965 4108 φαίη
985 4039 1075 4091 tamer
1096 4034 1195 4091 melias
1214 4038 1384 4111 suaueiesqae

231 4130 273 4186 aa'
291 4131 374 4186 auris
401 4133 441 4188 sit
460 4148 527 4200 ora,
547 4151 629 4205 quam
652 4131 749 4201 Nola,
770 4132 883 4190 dubiam
904 4134 938 4188 id
957 4150 1011 4189 nan
1034 4138 1080 4189 esi.
1123 4129 1204 4189 Nara
1225 4135 1334 4192 uocalis
1354 4136 1383 4191 in

223 4229 321 4300 priore
342 4245 426 4282 uersu
447 4235 572 4284 extrema
597 4230 736 4302 eademque
758 4232 788 4286 in
812 4231 934 4304 sequenti
946 4230 1047 4305 prr'rua
1071 4246 1171 4285 canora
1195 4231 1287 4287 siaul
1308 4237 1384 4306 atque

229 4324 346 4380 iucunda
373 4322 455 4379 hiatu
483 4327 592 4382 tractim
614 4333 701 4385 sonat.
742 4325 800 4384 Ea
817 4328 883 4385 adea
907 4327 1033 4385 rauenr‘rc
1060 4326 1138 4400 apud
1162 4326 1269 4384 nobiles
1290 4335 1383 4404 poetas

172 4436 175 4443 ·
227 4419 413 4478 huiuscemodi
428 4423 578 4481 suauitatis
598 4426 694 4495 mulla,
714 4444 783 4500 quae
802 4430 939 4500 appareat
957 4431 1064 4483 nauata
1084 4442 1147 4495 esse,
1161 4443 1217 4482 aaa
1225 4424 1357 4500 fortudo
1365 4445 1381 4493 ,·
