2872 5002
465 370 824 434 PROLEGOMENA.
1161 374 1219 433 xvii

68 530 170 587 snamta
191 550 248 600 re‚·
277 533 326 592 lic
348 553 465 611 namque
487 545 528 596 est
546 537 706 597 Mamurra
730 537 841 597 Catulli
868 535 1029 596 Veronensis
1049 539 1221 599 carminibus

62 629 222 702 proscissus,
242 650 333 706 quem,
355 642 452 694 utres
471 642 517 707 est,
536 637 630 694 domus
650 637 740 711 ipssies
760 637 865 694 clarius
885 655 968 711 quam
991 635 1122 696 Catullus
1142 640 1222 698 donst

67 725 159 784 lolem
171 731 315 806 quitquid
327 732 470 792 nabutae
490 733 606 794 Comata
629 733 737 793 Galliis.
779 733 908 809 Namque
928 736 1018 793 adriit
1036 737 1105 794 elem
1125 735 1220 812 Nepos

63 828 181 900 primum
203 829 270 887 totis
290 830 403 890 oede'bm
415 832 521 890 nullam
535 834 618 890 m‘sie
632 851 770 891 marmore
782 834 935 891 columnam
954 833 1082 893 habuisse
1094 841 1122 891 et
1132 833 1220 892 omnis

64 923 165 982 samar
185 943 201 981 e
223 924 360 999 Camstsio
380 937 430 987 uret
447 928 583 988 lunensi.
625 929 713 988 Vnde
727 947 837 988 errasse
851 929 1072 1007 Pastrengicum
1091 941 1219 1008 apparet,

66 1021 114 1097 qui
128 1021 248 1082 Catullo
261 1025 392 1085 tribuerit
406 1045 481 1103 quae
494 1026 621 1103 Nepotis
634 1036 709 1085 sunt.
740 1026 880 1087 Caeteros
894 1037 952 1087 tres
965 1028 1048 1088 locos
1067 1030 1117 1088 uix
1131 1031 1221 1105 scn'p-

66 1119 157 1192 sisset,
172 1122 231 1180 nisi
249 1123 347 1199 ipsum
368 1125 472 1184 librum
493 1124 599 1184 Catulli
620 1125 753 1202 legisset:
775 1143 846 1183 nam
866 1144 942 1202 quae
963 1128 1053 1185 uerba
1073 1127 1104 1184 in
1125 1127 1220 1203 primo

66 1219 166 1289 attulit,
192 1238 341 1297 nusquam
361 1222 432 1282 alias
453 1224 604 1300 leguntur;
641 1223 720 1294 alter,
741 1241 909 1300 quanquam
933 1224 1006 1282 nihil
1031 1225 1119 1284 habet
1139 1224 1220 1301 quod

67 1335 103 1374 ex
124 1319 304 1381 carminibus
324 1321 445 1381 ductum
464 1322 509 1395 sit,
526 1322 613 1382 habet
634 1331 733 1381 tamen
754 1339 828 1398 quae
849 1321 988 1381 lectorem
1009 1323 1137 1399 prodant
1158 1341 1220 1382 car·

66 1417 179 1475 minum
187 1438 197 1491 3
219 1419 300 1479 unde
313 1421 392 1479 enim
402 1422 508 1481 nisiex
522 1422 587 1500 ipso
601 1421 675 1479 libro
686 1420 832 1480 didicisset
846 1420 1060 1497 Pastrengicus‚
1072 1421 1219 1481 Catullum

67 1517 176 1576 ‘uariis
190 1528 349 1577 metrorum
362 1520 517 1597 generibus
530 1537 625 1592 usum,
640 1519 731 1578 multa
750 1520 851 1578 iocosa
865 1527 894 1578 et
906 1519 1013 1596 placita
1034 1520 1183 1596 scripsisse
1195 1519 1220 1578 l'

67 1616 153 1673 etiam
176 1616 225 1675 illa
245 1615 392 1677 ‘Catullus
412 1618 593 1678 Veronensis
613 1618 716 1695 poeta'
738 1636 774 1675 ex
796 1617 860 1676 libri
880 1618 972 1694 ipsius
992 1618 1074 1676 titulo
1097 1618 1220 1676 sortasse

68 1713 239 1790 desumpsit
283 1714 413 1788 Quartus
427 1715 530 1775 Isidon'
544 1726 589 1774 est
604 1714 702 1793 (Orig.
713 1714 783 1773 XII.
796 1718 823 1774 6.
835 1713 873 1792 3),
885 1717 938 1775 sed
952 1725 983 1774 ut
996 1727 1073 1775 recte
1087 1716 1219 1775 animad-

67 1810 154 1869 uertit
169 1810 327 1888 Hauptius,
341 1812 463 1872 collatus
484 1830 551 1871 cum
573 1811 680 1871 Catulli
701 1812 831 1872 codice¹.
873 1812 952 1871 Nam
974 1813 1079 1873 Isidori
1100 1813 1219 1873 codices

68 1908 178 1968 habent
198 1912 252 1981 nes}
266 1911 368 1969 anilo:
395 1909 599 2001 Pastrengicus
615 1910 681 1982 Qui,
696 1912 806 1980 arram
828 1920 857 1969 et
878 1912 963 1969 urs'du
983 1910 1103 1987 quidem
1124 1912 1220 1989 potuit

1120 2024 1136 2055 a

68 2090 104 2131 ex
120 2072 225 2132 Seruio
238 2072 301 2151 ipse
314 2076 437 2134 mutuari
445 2094 453 2146 ;
470 2075 564 2152 potuit
578 2075 665 2135 etiam
679 2092 716 2133 ex
730 2075 842 2146 codice,
857 2075 917 2134 siue
932 2075 1040 2152 scripto
1054 2075 1135 2133 anilo
1156 2075 1219 2135 siue

67 2170 157 2237 arella
201 2171 251 2231 Sic
268 2172 348 2231 enim
366 2174 504 2249 scriptum
525 2181 570 2233 est
590 2173 621 2230 in
641 2172 759 2232 Datano
780 2173 890 2244 codice,
906 2173 931 2232 si
944 2173 1103 2232 Froehneri
1125 2175 1219 2249 speci-

67 2269 140 2327 mini
159 2268 233 2329 fides
253 2279 319 2342 est3
341 2269 417 2328 idem
439 2279 537 2329 autem
558 2269 653 2329 codex
674 2270 763 2329 habet
780 2269 846 2342 Qui,
855 2272 964 2346 punice,
979 2270 1060 2346 quod
1074 2281 1220 2347 utrunque

67 2366 173 2443 legitur
187 2367 266 2445 apud
279 2366 497 2444 Pastrengicum
512 2368 567 2426 nisi
581 2367 661 2443 quod
675 2367 722 2427 hic
736 2368 824 2427 habet
833 2370 960 2443 pausiae.
996 2367 1099 2444 Itaque
1114 2367 1221 2426 Catulli

68 2464 205 2522 codicem
221 2463 333 2523 uiderat
349 2482 416 2524 cum
435 2464 509 2523 baec
530 2465 675 2524 scriberet.
718 2465 838 2543 Scripsit
853 2476 950 2525 autem
972 2477 1049 2526 certe
1069 2483 1130 2522 non
1151 2475 1220 2523 ante

67 2561 315 2638 annum1329²:
338 2579 397 2639 quo
419 2579 499 2621 anno
520 2562 656 2621 Albertus
677 2573 706 2621 et
728 2562 873 2623 Mastinus
895 2563 970 2622 della
991 2561 1076 2621 Scala
1096 2572 1220 2638 nepotes

68 2659 160 2718 Canis
183 2657 319 2732 Grandis,
340 2658 477 2718 Veronae
500 2659 694 2736 principatum
716 2661 793 2719 nacti
815 2670 899 2733 sunt;
926 2659 1048 2719 tortasse
1069 2678 1131 2718 non
1152 2669 1221 2718 ante

72 2755 178 2830 1351⁸.
220 2755 299 2815 Tum
321 2756 400 2816 enim
420 2756 566 2816 Mastinus
586 2766 718 2817 mortuus
739 2768 791 2827 est,
807 2766 879 2817 teste
894 2757 1058 2834 Pagliarino
1072 2758 1103 2816 in
1118 2756 1219 2816 Anna·

68 2852 144 2913 libus
158 2854 341 2928 Vicentinis;
362 2856 502 2915 successit
516 2856 590 2914 filius
604 2855 667 2914 eius
681 2855 771 2914 Canis
786 2854 916 2915 Grandis
930 2855 969 2913 II.

111 2949 171 3010 Sed
191 2962 220 3011 et
241 2951 382 3024 Petrarca,
396 2953 525 3030 aequalis
545 2952 736 3028 Pastrengici,
757 2951 905 3011 Catullum
925 2961 1025 3013 norat:
1048 2970 1117 3011 nam
1138 2962 1168 3012 et
1188 2951 1220 3010 in

68 3047 234 3125 Triumpho
255 3049 373 3109 Amoris
388 3048 440 3109 IV.
460 3069 495 3125 19
513 3048 661 3110 Catullum
682 3049 833 3108 Tibullum
855 3049 1039 3127 Propertium
1060 3069 1120 3109 una
1140 3066 1222 3110 com·

67 3156 221 3218 memorat,
244 3159 273 3206 et
295 3147 325 3206 in
349 3147 493 3207 Senilibus
517 3147 570 3206 XI.
601 3165 618 3222 3
646 3146 719 3206 haec
748 3147 818 3205 dicit
847 3145 922 3206 Solet
946 3149 1026 3221 emm,
1051 3157 1084 3207 ut
1112 3148 1225 3209 Catulli

75 3243 235 3304 Veronensis
248 3245 329 3304 uerbo
342 3252 417 3318 utor,
432 3264 506 3304 uuas
526 3264 580 3304 esse
601 3247 712 3320 aliquid
721 3253 826 3321 putore
846 3247 977 3322 nugas⁴‚·
999 3256 1036 3318 et,
1059 3248 1137 3324 quod
1158 3248 1222 3325 ipsa

67 3344 198 3402 carmina
211 3362 278 3404 eum
292 3343 396 3421 legisse
410 3344 600 3415 demonstrat,
614 3361 716 3402 uersus
731 3342 813 3401 affert
824 3345 1021 3419 grammaticis
1036 3364 1098 3405 non
1109 3347 1221 3418 citatos,

67 3439 179 3499 XLIX.
204 3459 217 3499 1
240 3439 432 3501 Disertissime
453 3441 575 3501 Romuli
591 3448 735 3517 nepotum:
760 3440 902 3503 XXXIX.
927 3443 963 3500 16
984 3444 1048 3501 risu
1069 3445 1157 3520 inepto
1177 3463 1223 3502 res

101 3587 109 3615 ¹
126 3587 205 3634 Etiam
220 3586 338 3635 Tibullum
350 3590 436 3653 legerat
448 3589 606 3653 Pastrengicus
617 3604 640 3650 p.
653 3585 697 3635 88*
710 3589 783 3636 Osiris
795 3588 960 3652 Aegyptiorum
973 3591 1028 3638 deus
1040 3599 1122 3638 aratra
1131 3592 1222 3652 primus

66 3670 133 3730 apud
150 3669 276 3733 Aegyptios
291 3670 356 3730 jecit,
375 3679 461 3717 terrum
477 3671 547 3731 serra
571 3670 710 3726 sollicitauit,
727 3680 748 3717 et
771 3672 887 3732 inexperta
908 3673 995 3719 semina
1015 3673 1133 3727 commisit,
1150 3682 1222 3732 poma

66 3751 181 3815 alrigmotis
197 3751 253 3815 legit
269 3751 395 3808 arboribus,
409 3753 471 3814 pulis
487 3753 556 3800 us'tom
572 3753 687 3809 adiunxit,
705 3752 846 3815 viridemque
864 3769 953 3800 contum
970 3755 1031 3801 dura
1041 3754 1108 3814 sulse
1128 3754 1222 3800 caedere

66 3836 175 3881 domitet
185 3850 213 3881 ex
225 3843 317 3882 monera
329 3851 376 3882 uuo
388 3851 468 3882 suaues
479 3836 577 3898 liquores
589 3835 703 3896 expressit.
737 3836 775 3882 Cf.
786 3836 840 3883 Tib.
854 3837 871 3882 1.
886 3846 907 3897 7.
924 3834 1011 3898 29-36.

100 3916 111 3943 ²
130 3929 192 3981 1329
208 3916 334 3981 significare
349 3918 439 3965 uidetur
453 3918 593 3982 epigramma
609 3918 745 3964 Gratidiadii
760 3920 864 3965 Grimani
875 3922 968 3966 ‘Annua
986 3928 1039 3964 tune
1054 3917 1123 3979 lapsis
1139 3932 1222 3964 memo·

66 3999 151 4045 ‘rubus
162 3998 224 4046 mille
234 4008 343 4046 trecentos
357 3998 470 4060 Tempora
482 4000 552 4062 uirgo
560 4009 646 4060 parens
657 4010 693 4046 ter
703 4000 750 4046 tria
761 4000 836 4062 bisque
847 3997 937 4047 decem!
971 4000 1093 4064 Pagliarin.
1105 4015 1128 4059 p.
1142 4012 1197 4048 102.

99 4080 109 4108 ³
125 4081 272 4145 Epigramma
289 4081 349 4142 apud
364 4081 519 4145 Pagliarinum
535 4097 558 4141 p.
573 4094 620 4144 114
633 4082 731 4129 Occubui
743 4083 820 4142 primo
833 4090 884 4142 post
899 4097 972 4128 annos
987 4081 1050 4128 mille
1064 4089 1173 4129 trecentos
1184 4082 1222 4130 sle

65 4164 137 4210 demes
148 4165 246 4226 quinque
255 4163 298 4210 lust
309 4164 357 4210 ibat
368 4165 436 4211 tertio
448 4165 511 4211 Iulii.

98 4244 176 4292 ⁴uoc
196 4261 226 4292 ex
245 4244 304 4290 Plini
321 4246 352 4293 Η.
371 4246 403 4294 N.
421 4247 495 4293 Praei
514 4251 526 4305 ᾗ
549 4258 558 4292 1
578 4247 653 4306 potuit
673 4260 777 4299 sumerc;
801 4245 839 4291 sed
860 4259 905 4290 non
928 4245 998 4291 credo
1020 4245 1148 4305 sumpsisse,
1168 4261 1220 4294 cum

66 4328 151 4374 Plinius
163 4335 258 4375 mutato
269 4328 350 4374 ordine
362 4330 485 4377 uerborum
498 4329 559 4376 dicat
573 4332 668 4389 ‘putare
680 4343 728 4374 esse
740 4328 825 4387 aliquid
837 4342 899 4374 mess
911 4327 999 4389 nugas!

634 4428 650 4469 C
