2872 5002
648 299 910 366 CATVLLI

381 486 490 568 Quem
514 486 587 568 plus
610 486 665 550 illa
684 486 787 550 oculis
809 487 876 549 suis
898 485 1052 549 amabat:

423 598 513 660 Nam
536 596 679 660 mellitus
702 606 772 660 erat
794 617 954 678 suamque
976 604 1070 659 norat

425 707 538 790 Ipsam
559 718 631 771 tam
653 707 739 771 bene
761 728 863 789 quam
885 707 996 789 puella
1018 715 1170 770 matrem.

424 821 496 883 Nec
519 839 592 883 sese
614 840 634 883 a
656 820 782 901 gremio
805 819 892 882 illius
915 818 1079 895 mouebat,

424 928 492 993 Sed
516 929 748 994 circumsiliens
771 931 871 994 modo
894 929 958 992 huc
981 929 1081 991 modo
1104 927 1181 991 iiiuc

423 1041 480 1104 Ad
505 1040 609 1104 solam
631 1042 801 1104 dominam
824 1060 929 1122 usque
950 1038 1122 1121 pipciabat.
1331 1061 1362 1094 ιο

381 1151 447 1234 Qui
471 1172 557 1215 nunc
580 1153 605 1215 it
628 1172 686 1233 per
708 1154 770 1215 iter
791 1151 1036 1216 tenebricosum

424 1262 513 1339 Illuc,
536 1263 624 1325 unde
645 1272 769 1344 negant
792 1264 897 1326 redire
918 1280 1119 1344 quenquam.

247 1450 287 1484 η.
307 1434 409 1485 Seneca
426 1431 626 1500 Apocolocynt.
644 1431 696 1484 XI.
710 1448 735 1499 p.
750 1435 782 1497 ⁶3
801 1431 962 1486 Buecheleri
1033 1429 1094 1484 Nec
1112 1445 1199 1496 mora,
1216 1428 1360 1495 Cyllenius

207 1502 285 1625 iclpplsg
295 1502 589 1627 {sppoffitrptrpptrahit
601 1518 617 1556 a
628 1503 705 1557 caelo
717 1503 790 1556 unde
802 1510 903 1569 negant
915 1501 1006 1556 redire
1018 1515 1195 1571 quemquam.
1221 1500 1290 1552 Illuc
1295 1509 1359 1568 post

209 1760 284 1814 oculis
296 1760 330 1813 ab
341 1760 427 1813 aitera
440 1763 539 1830 pagina
551 1762 588 1813 ad
603 1760 716 1813 aiteram
727 1759 881 1813 mantibus.
917 1759 1037 1814 Conuenit
1053 1760 1083 1813 id
1098 1759 1205 1828 opham
1220 1757 1359 1810 Iiroebneri

207 1833 385 1884 existumantis
397 1833 424 1883 in
437 1843 543 1899 utraque
587 1833 653 1898 gina
671 1831 800 1899 archetypi
809 1831 875 1883 duas
887 1830 1115 1897 columnassuisse,
1126 1847 1237 1898 quarum
1248 1839 1358 1896 utraque
1423 1843 1426 1846 '

212 1904 242 1952 16
268 1920 355 1953 uersus
369 1903 511 1954 contineret.
575 1919 620 1953 am
637 1920 656 1953 a
674 1902 711 1954 11.
734 1917 744 1952 1
765 1902 802 1953 ad
819 1903 870 1954 III.
888 1920 914 1967 4,
936 1903 966 1953 16
986 1919 1073 1954 uersus
1087 1910 1164 1966 sunt,·
1182 1910 1210 1951 ut
1227 1901 1255 1951 in
1272 1898 1357 1951 eodem

209 1971 259 2023 loco
264 1973 378 2039 paginae
387 1973 517 2038 utriusque
527 1981 609 2024 staret
620 1971 661 2023 hic
673 1989 759 2023 uersus
773 1970 885 2023 ‘Passer
896 1970 1009 2023 deliciae
1022 1985 1100 2023 meae
1111 1968 1235 2037 puellae:
1272 1968 1357 2020 Sedet

208 2042 252 2093 hoc
265 2051 368 2109 poterat
385 2060 447 2094 casu
464 2043 568 2105 euenire,
580 2060 655 2109 neque
666 2059 685 2092 a
698 2040 799 2093 Catullo
811 2040 948 2094 abhorrent
964 2041 1106 2093 huiusmodi
1123 2041 1278 2109 repetitiones
1295 2056 1356 2090 uer·

208 2130 291 2164 suurn.
334 2112 376 2177 Cf.
395 2113 439 2163 IV.
461 2113 500 2177 ιό,
524 2125 570 2176 173
596 2112 670 2162 VIII.
691 2127 714 2175 3,
734 2115 765 2176 83
788 2109 840 2163 IX.
861 2128 885 2175 3,
905 2127 937 2176 53
957 2111 1025 2164 XII.
1047 2113 1088 2176 16,
1110 2125 1158 2177 17,·
1174 2111 1257 2162 XIII.
1279 2125 1302 2175 3,
1321 2110 1357 2175 ⁶3

208 2182 282 2233 XVI.
305 2182 501 2245 s‚14;XVII.
523 2197 563 2246 14,
581 2197 627 2246 15;
647 2181 750 2233 XXIV.
770 2195 795 2245 7,
809 2185 833 2245 8,
850 2196 898 2247 ¹03
915 2180 1027 2233 XXIX.
1047 2198 1072 2246 o,
1093 2196 1143 2247 103
1163 2196 1188 2245 5,
1202 2195 1235 2245 9;
1257 2195 1298 2243 11,
1312 2195 1357 2244 ²³·

209 2250 334 2318 Quomodo
345 2252 427 2319 igitur
440 2252 545 2305 omissus
556 2254 612 2303 esti
636 2250 740 2303 Necesse
751 2262 789 2303 est
800 2261 846 2303 aut
859 2270 877 2304 a
888 2251 981 2304 duobus
992 2250 1114 2304 codicibus
1126 2251 1304 2317 ductosficisse
1314 2267 1357 2302 eos
1389 2295 1395 2303 .

207 2323 251 2389 qui
268 2339 333 2373 nunc
350 2330 462 2383 exstant,
478 2339 583 2389 quorum
600 2322 669 2374 aiter
687 2339 761 2374 uersu
778 2331 893 2387 careret,·
909 2332 958 2374 aut
975 2323 998 2373 si
1015 2339 1079 2374 unus
1098 2321 1271 2373 tantummodo
1287 2329 1357 2384 erat,

208 2392 287 2444 iatius
295 2392 456 2459 diuulgatunc
464 2410 517 2444 esse
528 2392 556 2442 id
565 2393 639 2443 huius
650 2391 782 2459 exemplar
790 2393 816 2443 in
827 2409 874 2458 quo
883 2409 969 2443 uersus
983 2393 1090 2444 omissus
1098 2401 1137 2444 est
1145 2409 1223 2458 quam
1235 2389 1264 2441 id
1273 2391 1301 2441 in
1309 2407 1357 2457 quo

208 2473 347 2530 supererat.
386 2463 465 2530 Atqui
483 2461 576 2513 habeon
590 2480 646 2514 eum
668 2479 723 2513 cum
745 2462 782 2524 D,
802 2471 857 2513 turn
879 2461 912 2524 G,
930 2462 973 2528 qui
992 2462 1085 2514 codices
1104 2460 1277 2528 annqssusinsi
1295 2469 1358 2512 sunt

207 2533 328 2600 nanque
339 2532 512 2584 diuersissimi.
543 2531 602 2584 Non
614 2533 695 2599 igitur
706 2531 744 2583 ad
753 2531 814 2583 duos
826 2530 972 2599 archetypos
983 2531 1176 2599 confugiendum
1186 2540 1234 2583 est.
1264 2529 1357 2583 Restat

207 2613 236 2655 ut
253 2603 381 2671 archetypi
399 2604 471 2654 unius
492 2602 650 2671 exemplaria
668 2603 715 2653 duo
723 2602 805 2667 facta
824 2603 883 2664 sint,
902 2620 1007 2669 quorum
1028 2603 1055 2654 in
1074 2601 1158 2654 altero
1177 2617 1266 2652 uersus
1282 2610 1356 2666 esset,

206 2673 303 2725 abesset
315 2672 349 2724 ab
360 2672 451 2725 altero.
488 2672 613 2724 Caussam
625 2690 672 2724 cur
683 2672 804 2723 exciderit
820 2672 981 2736 credasuisse
996 2673 1129 2740 repetitum
1145 2673 1171 2722 in
1183 2671 1256 2722 initio
1267 2687 1357 2723 uersus
1408 2707 1413 2714 -

207 2742 356 2795 uocabulum
369 2742 498 2805 ‘Panem'
507 2742 571 2809 quod
581 2741 647 2809 istem
657 2742 749 2794 accidit
761 2740 853 2793 XLII.
867 2758 896 2792 η
908 2757 915 2806 ;
934 2742 1033 2794 LXIV.
1045 2745 1094 2806 258
1105 2756 1112 2805 ;
1132 2742 1165 2807 cfi
1174 2741 1253 2792 etiam
1265 2740 1356 2793 XCII.

209 2829 233 2877 3,
255 2831 281 2875 4.
317 2813 415 2864 Eadem
435 2823 493 2864 erat
511 2813 634 2863 sententia
655 2810 779 2878 Scaligeri
797 2811 906 2863 Douzae
930 2812 961 2865 Ρ.
984 2812 1119 2879 Doeringii
1139 2810 1268 2863 lctctschii
1287 2829 1355 2863 cons·

205 2883 326 2950 parantis
338 2881 462 2933 bucolicus
475 2884 627 2948 repetitiones
640 2881 712 2933 Bion.
726 2883 747 2933 I.
763 2897 804 2946 30,
820 2885 862 2945 38,
876 2885 925 2946 893
945 2883 996 2934 IX.
1012 2898 1034 2947 1,
1050 2899 1073 2947 o,
1086 2877 1195 2950 (Phiioi.
1208 2880 1247 2933 X.
1260 2877 1338 2949 737.)

245 2969 270 3016 5.
306 2950 392 3002 oculis
404 2951 448 3003 illu
459 2948 563 3003 BLa'V
628 2950 720 3003 ciculis
731 2948 768 3003 h’.

247 3063 272 3114 6.
309 3028 417 3113 NismO
470 3061 579 3112 melitus
591 3060 637 3113 Ch.

245 3147 271 3193 7.
310 3131 370 3198 Ipsa
384 3131 479 3182 ABCL
492 3131 667 3199 Phillippcnsis
686 3132 783 3184 Statius
802 3132 902 3185 Vossius
923 3133 1025 3202 Vuipius
1044 3133 1226 3186 Lacbinmus
1244 3129 1356 3184 Oreiiius

209 3204 235 3254 in
254 3201 355 3269 Eclogis
374 3202 502 3268 Hauptius
575 3201 630 3252 Issa
648 3201 771 3269 Bergkius
789 3203 884 3255 Phiiol.
902 3204 955 3256 XI.
976 3208 1035 3268 385.
1071 3203 1120 3256 Sed
1134 3204 1162 3255 in
1179 3202 1225 3253 hoc
1242 3203 1357 3254 carmine

209 3271 341 3325 trochaeus
365 3290 467 3325 uersum
486 3290 534 3323 non
555 3272 649 3338 incipit.
723 3269 812 3338 lpsam
833 3273 942 3338 defendit
966 3274 1118 3327 Froehnerus
1136 3274 1165 3325 iu
1184 3272 1265 3325 Rha.
1285 3272 1356 3324 Mus.

210 3342 276 3394 Nou.
291 3342 372 3395 XIII.
388 3345 437 3405 148
456 3341 556 3416 collatis
577 3341 639 3405 Issa,
658 3340 762 3407 issquS‚
774 3340 889 3408 Ipsitilla.
926 3344 986 3397 Vnde
1002 3343 1181 3397 Buechelerum
1199 3342 1237 3395 od
1252 3344 1355 3395 Petron.

210 3451 291 3504 Satir.
305 3453 348 3516 63.
402 3414 527 3518 phogItlaO

246 3567 271 3615 8.
307 3578 337 3615 se
351 3562 421 3614 Act
494 3561 669 3627 ingremioII
736 3520 842 3615 ifflseo
912 3565 1058 3616 amonebat
1073 3566 1099 3616 V

246 3665 271 3713 ⁹·
309 3647 558 3700 eircumsitiensc
630 3647 742 3699 Circum
755 3634 944 3702 silensonin
956 3669 1042 3719 marg.
1055 3651 1089 3702 αι.
1101 3648 1191 3701 sinens

249 3735 289 3771 10.
336 3735 349 3778 ῃ·
362 3732 414 3784 ‚lab
432 3738 443 3784 p
459 3715 740 3770 ACGHLLa¹La²OV
805 3715 930 3785 pipilabat
944 3721 976 3785 B,
990 3720 998 3771 i
1014 3723 1133 3772 recentius
1136 3721 1255 3785 fortasse
1266 3718 1357 3771 addita

210 3748 339 3854 pipiiabai
352 3748 430 3841 habi
438 3789 513 3856 uulgo
519 3798 549 3867 ¹et
562 3789 670 3840 Lachm.
736 3787 874 3854 pipitlabat
887 3791 933 3841 hch
987 3789 1105 3856 pipiabat
1118 3808 1204 3858 marg.
1217 3790 1235 3840 h
1248 3791 1356 3852 Vossius,

210 3859 284 3924 Heys.
300 3860 422 3911 Schcoab.
499 3857 637 3924 prpulabat
655 3859 785 3910 Acontius
862 3859 1009 3926 pippilabat
1029 3860 1160 3912 Guarinus
1238 3858 1359 3927 pipiebat

211 3929 328 3981 Muretus
400 3926 537 3994 piplilabat
551 3929 658 3980 Statius.
696 3928 755 3980 Vide
765 3947 909 3981 excursum.

251 4015 290 4050 II.
329 3997 361 4049 Id
382 3999 408 4049 V
482 4012 658 4078 tenebrosum
682 3998 751 4050 (ΟΜ.
772 4017 852 4051 omnes
871 4010 974 4067 praem*
993 3994 1022 4050 h,
1104 3996 1311 4052 tenebricosum
1330 3995 1360 4051 b,

212 4069 236 4120 B
248 4088 266 4120 a
279 4087 314 4120 m.
327 4086 374 4120 sec.
445 4067 632 4119 tenebrtosum
646 4065 697 4120 La¹
709 4088 728 4121 a
740 4088 774 4120 sn.
787 4086 843 4132 sec..
855 4068 894 4121 ed.
906 4071 953 4119 Pr.

251 4155 291 4189 η.
330 4137 396 4189 Illuc
415 4136 489 4190 BLa¹
505 4147 563 4206 post
581 4157 704 4192 rasuram
724 4151 831 4205 uterque,
852 4139 980 4207 marg.0
1074 4157 1082 4208 1
1106 4157 1143 4222 ud
1165 4139 1256 4191 codices
1276 4141 1360 4202 ceteri,

202 4210 322 4274 fortasse
334 4219 415 4259 recte:
432 4208 498 4260 Iocus
514 4210 581 4260 enirn
593 4210 697 4262 Serucae
713 4226 766 4259 rem
779 4208 898 4274 relinquit
913 4211 1047 4260 incertam.
1120 4212 1186 4262 tsnui
1196 4220 1283 4262 tamen
1297 4208 1359 4260 illuc

212 4297 268 4329 cnm
288 4277 399 4329 omnibus
420 4279 479 4329 edit.
492 4289 598 4346 praeter
617 4279 692 4329 Canr.
715 4277 744 4329 de
763 4278 841 4340 Atlio,
863 4280 905 4346 qui
924 4279 1051 4331 trochaeos
1073 4298 1121 4332 non
1139 4279 1244 4332 credant
1265 4280 1293 4331 in
1315 4279 1359 4331 hoc

212 4366 315 4399 carmen
326 4348 466 4413 inferendos
478 4367 537 4401 esse.
609 4353 690 4413 negat
703 4344 739 4399 h’.
813 4346 839 4400 .I.
853 4347 879 4398 in
893 4347 1029 4400 infernum
1043 4349 1164 4417 marg.0
