2872 5002
223 383 253 446 tt
613 379 979 441 PROLEGOMENA.

226 566 329 622 tissime
356 584 390 621 oc
412 563 568 621 clarisstino
592 565 674 638 petri
699 561 810 621 Donato
843 562 1047 639 archiepiscopo
1071 559 1234 620 Cretensem
1264 563 1381 619 donatres

214 664 331 741 suisset.
375 660 486 733 Quinta
513 661 614 737 incipit
641 659 833 737 Epigramma
855 659 905 719 Aa
915 661 1042 738 patriam
1071 662 1158 731 uento,
1180 659 1249 719 dein
1275 657 1380 718 Catulli

227 759 324 819 canu.
341 759 364 818 1.
392 760 479 818 russo
500 760 562 817 ibri
590 759 693 835 tegitur
714 758 861 817 distichon
882 775 943 834 quo
965 756 1118 816 Hermos
1143 741 1265 816 Barnari
1287 756 1381 816 codex

228 859 316 918 suisse
338 859 457 930 dicitur3
479 860 510 916 in
531 858 633 916 ultimo
654 868 752 915 autem
773 856 845 916 lolio
868 857 1049 933 epigramma
1069 855 1381 933 hendecasyllaborum

231 977 277 1028 24,
300 959 346 1015 cui
367 958 561 1033 subscriptum
583 966 627 1015 est
648 974 758 1013 nomen
778 954 878 1012 Herm.
900 953 1039 1012 Borbori.
1091 953 1162 1014 Post
1183 973 1208 1014 c.
1231 953 1341 1013 CXVI.
1361 954 1379 1011 8

228 1056 314 1113 habet
331 1054 442 1114 Catulli
461 1053 621 1111 Veronensis
632 1053 703 1111 liber
710 1054 804 1130 fim't,·
825 1053 893 1111 deiu
912 1050 1096 1128 Epiloplnirm
1113 1051 1190 1109 Iulli
1204 1050 1381 1111 Caesarne
1423 1130 1428 1139 Ι

224 1164 311 1228 puero
331 1155 361 1209 in
381 1172 461 1209 omne
480 1167 635 1210 summerso.
693 1151 812 1211 ‘Thrax
827 1169 899 1226 puer
920 1152 1037 1209 astricto
1058 1150 1150 1226 glacie
1166 1148 1238 1209 dum
1260 1149 1333 1207 ludit
1352 1148 1381 1207 in

230 1247 360 1308 ‘Hebro’
375 1255 449 1308 ent.
492 1248 664 1327 (Burmann.
686 1247 805 1307 Anthol.
828 1246 892 1306 Lat.
909 1248 947 1307 T.
961 1246 1001 1306 II.
1020 1267 1049 1326 p.
1065 1249 1117 1321 62)
1133 1257 1195 1306 tum
1216 1247 1381 1324 epitaphium

233 1347 325 1407 Cinni
334 1350 432 1423 equitis
446 1347 580 1406 Romani.

399 1444 546 1519 Opotrroe
559 1453 647 1504 rector
663 1444 733 1504 Coto
740 1451 858 1520 pectore,
872 1444 984 1502 ur'ribus
997 1442 1104 1502 Hector

395 1542 463 1599 Heu
476 1543 556 1600 deero
568 1546 713 1618 antrorum
728 1544 777 1598 ur'r
793 1541 998 1617 Critneipolmo
1013 1540 1156 1612 Quirt'tmn

399 1638 486 1698 Ortus
502 1640 594 1697 Romo
607 1643 653 1697 tui
663 1640 736 1698 loeus
749 1647 791 1697 est
796 1641 885 1715 popio
898 1639 1046 1715 sepulchri.
1407 1688 1412 1700 .

233 1750 296 1797 tum
316 1737 423 1796 Fim'm'
440 1757 512 1796 onno
533 1737 584 1795 ΙΙ1
597 1738 784 1814 Pontificatus
804 1737 942 1795 Ioltortnt's
960 1734 1093 1795 XXIII.
1114 1733 1204 1796 VIII.
1219 1735 1385 1811 ktApnto.

233 1836 373 1895 Riieoolti.
387 1835 556 1895 hieronimus
570 1835 700 1895 Donatus
707 1837 857 1912 patritias.
900 1835 1004 1895 Codex
1015 1844 1060 1894 est
1074 1835 1147 1893 inter
1157 1834 1386 1910 antiquissimos,

234 1935 371 2013 (scriptus
392 1944 436 1993 est
457 1934 536 1993 enim
557 1953 637 1992 anno
662 1931 755 2012 1411)
772 1934 825 1992 sed
846 1933 953 1992 multas
973 1951 1077 2010 passus
1098 1933 1305 1992 correctiones.
1348 1931 1386 1990 Et

235 2042 303 2091 sunt
318 2050 379 2090 non
394 2034 480 2109 pauci
492 2032 550 2090 loci
562 2033 612 2090 ubi
626 2033 750 2110 primam
765 2032 921 2091 lectionem
932 2032 1012 2090 nullo
1022 2030 1114 2090 modo
1125 2031 1203 2090 licuit
1212 2030 1387 2089 discernere.

235 2129 301 2189 Has
318 2141 416 2191 tamen
435 2130 607 2208 plerumque
622 2131 794 2207 dignoscere
814 2148 850 2188 eo
865 2140 927 2188 erat
940 2129 1061 2201 facilius,
1076 2129 1157 2207 quod
1171 2131 1245 2187 inter
1256 2127 1388 2188 Bononi-

237 2247 339 2287 ensem
350 2238 380 2286 et
395 2229 622 2287 Laurentianum
641 2249 653 2286 r
670 2248 705 2287 ac
717 2228 894 2286 Vaticanum
905 2228 1033 2286 maxima
1045 2236 1088 2287 est
1099 2227 1266 2285 consensio.
1310 2225 1389 2286 Nam

236 2328 267 2385 in
288 2328 425 2386 omnibus
447 2337 478 2385 ut
499 2329 587 2385 etiam
608 2328 639 2385 in
661 2328 792 2386 Parisino
815 2328 893 2400 8233
916 2337 944 2384 et
965 2325 1154 2404 Phillippensi
1175 2342 1332 2401 peruersus
1346 2332 1389 2382 est

236 2425 310 2484 ordo
333 2426 495 2483 carminum
516 2425 757 2496 XXIV-LXII,
772 2443 847 2501 quae
863 2425 903 2482 sic
919 2443 950 2484 se
964 2425 1113 2500 excipiunt
1133 2422 1244 2481 XXIV.
1271 2442 1307 2481 10
1329 2421 1391 2480 Nec

237 2543 349 2581 seruum
363 2530 452 2582 tomen
467 2524 514 2582 ille
531 2524 613 2582 habet
627 2543 709 2599 neque
729 2543 834 2594 orcam,
850 2521 958 2581 XLIV.
977 2541 1010 2580 ar
1032 2521 1093 2593 Qut
1103 2529 1167 2579 tiene
1180 2528 1262 2579 uocat
1273 2541 1315 2578 me
1328 2539 1389 2577 aem

238 2623 341 2680 molum
362 2623 464 2680 librum
487 2624 555 2700 legit
573 2641 665 2699 usque
687 2622 725 2680 ad
747 2621 841 2679 LXII.
864 2622 901 2678 66
925 2620 1036 2693 Hymen
1054 2619 1257 2692 OHymenaee,
1280 2619 1390 2695 Hymen

239 2722 302 2778 odes
317 2740 332 2777 o
345 2718 509 2794 Irijrmenoee,
524 2721 618 2778 XXV.
639 2741 651 2779 1
671 2720 791 2780 Cinaede
807 2718 887 2777 Tolle
899 2719 1009 2777 mollior
1022 2718 1146 2776 cumeuli
1156 2719 1262 2792 capello,
1278 2715 1390 2777 LXIII.

244 2838 268 2889 r,
290 2818 345 2875 nisi
373 2818 454 2894 quod
482 2818 677 2877 Bononiensis
699 2830 727 2878 et
749 2819 952 2895 Phillippcnsis
981 2827 1096 2893 ponunt
1125 2816 1232 2875 XLIV.
1258 2835 1292 2874 ar
1325 2825 1391 2893 post

240 2914 351 2972 XXIV.
371 2935 396 2987 2,
419 2934 481 2974 non
508 2925 576 2992 post
604 2916 714 2974 XXIV.
740 2935 785 2974 10.
841 2916 917 2974 Illud
937 2917 1024 2975 etiam
1052 2915 1204 2992 proprium
1225 2925 1270 2974 est
1291 2914 1391 2973 Bono·

241 3013 349 3069 niensis
364 3013 444 3088 quod
459 3032 483 3071 c.
499 3013 638 3071 XXXIV.
659 3013 862 3089 15-XXXV.
882 3033 917 3086 14
932 3015 977 3072 bis
998 3014 1086 3072 habet
1106 3014 1254 3090 scriptum,
1272 3013 1303 3071 in
1324 3012 1391 3071 loco

241 3123 295 3165 suo
311 3114 347 3176 et,
363 3117 394 3163 ut
409 3106 477 3177 dixi,
493 3107 522 3164 in
538 3108 645 3183 pagina
658 3109 759 3184 prima.
803 3107 920 3167 Contuli
935 3109 997 3184 ipse
1011 3107 1172 3166 Bononiae.

283 3202 350 3260 Lol
394 3203 605 3263 Laurentianus
630 3225 641 3263 1
667 3206 697 3262 in
719 3205 914 3264 Laurentiano
935 3204 1114 3264 Bibliotheca
1134 3205 1297 3264 Florentiae
1318 3203 1393 3262 Plut.

244 3321 291 3375 33.
307 3300 381 3359 Cod.
401 3320 445 3375 13.
479 3301 721 3362 Membranaceus
735 3313 787 3373 est,
804 3305 926 3379 scriptus
941 3322 977 3374 41
997 3303 1073 3362 soliis
1089 3323 1126 3378 29
1141 3321 1287 3362 uersuum.
1325 3301 1393 3361 Post

243 3399 389 3458 Catullum
407 3400 495 3458 habet
510 3400 597 3459 Persii
616 3400 730 3461 Satiras.
774 3401 935 3460 Nonnullas
950 3420 1064 3460 rasuras
1083 3402 1202 3478 accepit,
1218 3401 1270 3460 sed
1285 3402 1314 3459 in
1329 3401 1393 3459 uui·

243 3517 360 3557 uersum
381 3499 515 3573 pro-xime
537 3499 648 3557 accedit
670 3500 707 3557 ad
729 3499 965 3571 Bononiensem
989 3517 1049 3576 quo
1063 3510 1162 3558 tamen
1183 3499 1328 3558 recentior
1342 3508 1393 3557 est.

244 3596 361 3655 Contuli
377 3596 439 3671 ipse
454 3596 625 3655 Florentiae.

293 3695 323 3753 V.
345 3694 504 3753 Vaticanus
530 3694 616 3769 163'0,
633 3694 731 3753 ‘Sacc
746 3694 804 3752 XV
819 3695 951 3765 ineuntis,
975 3695 1130 3755 Cartaceus
1151 3696 1181 3754 in
1202 3695 1298 3755 forma
1318 3713 1395 3753 max.

245 3795 401 3853 ‘Continet
424 3804 491 3850 octo
512 3792 604 3850 Plauti
626 3792 804 3851 Comoedias
826 3792 1091 3871 (Amphrituonem
1110 3794 1285 3865 Asinariam,
1305 3794 1395 3852 Aulu-

246 3893 372 3963 ‘lanam
388 3890 539 3966 Captiuos‚
557 3889 775 3962 Curculionem,
793 3890 942 3962 Casinam,
961 3892 1159 3961 Cistellariam,
1174 3889 1354 3968 Epidicum)
1370 3898 1397 3949 et

246 3990 368 4048 ‘Catulli
390 3989 503 4060 librum,
523 3990 560 4047 ab
582 4007 641 4047 una
663 3990 762 4047 omnia
784 4008 873 4048 manu
895 3991 1008 4066 scripta.
1053 3990 1169 4049 Titulos
1188 4007 1249 4048 non
1267 3990 1323 4048 nisi
1340 3999 1397 4047 tres

248 4088 351 4146 ‘habet
369 4088 398 4145 in
417 4088 512 4163 prima
528 4087 643 4163 pagina
685 4087 720 4145 ln
740 4088 855 4164 reliquis
873 4089 1050 4148 carminibus
1072 4089 1120 4147 ubi
1143 4088 1262 4165 quidem
1284 4087 1398 4146 titulum

247 4187 350 4243 ‘ceteri
367 4183 484 4242 codices
506 4184 622 4256 habent,
637 4205 695 4244 una
717 4186 792 4245 linea
811 4205 904 4245 uacua
921 4187 1017 4246 relicta
1034 4197 1062 4245 et
1081 4188 1174 4264 prima
1191 4185 1276 4264 primi
1295 4203 1398 4244 uersus

247 4282 344 4343 ‘litera
358 4282 474 4354 omissa,
490 4285 619 4344 secunda
636 4285 729 4345 forma
744 4286 903 4344 maiuscula
918 4287 1025 4362 scripta
1039 4297 1091 4345 est.
1121 4284 1259 4361 Singulae
1272 4285 1398 4361 paginae

719 4397 728 4428 ¹
744 4398 768 4448 h.
780 4415 800 4448 e.
812 4401 918 4450 secundo.
