2872 5002
141 333 201 387 240
542 327 598 387 DE
630 324 891 386 PARTITIONE

139 510 284 570 22222
310 510 353 568 vr
377 514 466 583 amaa
488 521 532 569 est
558 491 719 584 &lsi-a}
740 509 831 569 etsie
852 508 883 566 2
905 507 1060 568 coeternus
1084 501 1280 565 Canonium

143 612 209 684 183,
226 628 283 686 303
299 608 465 668 distinctum
480 619 532 682 est,
546 626 716 686 quanquam
734 607 837 667 ultimo
858 624 982 666 numero
1002 623 1067 664 non
1087 603 1238 681 designato
1254 600 1280 658 in
1308 616 1312 621 ·

143 710 208 782 183.
251 706 290 766 11.
307 727 322 765 2
339 718 435 784 partes
449 707 536 767 habet
550 708 603 766 has
619 711 709 780 8642,
722 724 800 784 quae
814 706 856 765 sic
873 715 992 765 notatae
1005 712 1075 763 sunt
1089 704 1120 761 in
1135 701 1208 761 Cau
1222 717 1280 776 303,

138 805 178 864 11.
203 825 220 881 3
246 818 343 884 partes
365 806 454 865 habet
477 807 530 866 has
553 825 704 879 44·44·²
727 805 855 884 quaein
876 802 950 864 Can.
974 821 1033 879 303
1056 810 1160 860 extant
1178 815 1280 869 omnes,

138 904 259 964 eaedem
294 904 404 963 omissa
438 914 586 981 postrema
620 904 708 962 etiam
735 904 766 962 in
798 905 864 978 183.
906 902 945 960 11.
976 904 994 959 8
1022 901 1054 958 iu
1083 900 1145 959 duo
1174 895 1282 956 dimidia

138 1003 262 1062 scissum
301 1013 353 1074 est,
389 1011 533 1079 utrunque
572 1018 607 1077 15
642 1020 797 1074 uersuum;
832 1001 883 1079 qui
914 1017 1013 1058 rursus
1047 997 1090 1058 sic
1126 995 1283 1056 diuiduntur

141 1100 314 1193 2212222311
325 1097 475 1193 332223.
518 1116 574 1176 His
589 1136 626 1176 ex
639 1118 769 1176 numeris
783 1115 901 1176 nonnisi
915 1124 1034 1193 quartus
1047 1122 1209 1189 sextusque
1223 1119 1283 1168 nota

139 1227 239 1275 carent
253 1217 283 1274 in
298 1215 371 1274 Can.
390 1219 455 1275 182.
498 1214 553 1273 III.
572 1235 634 1273 2:
650 1217 677 1273 6.
696 1234 741 1274 10.
760 1233 804 1273 ιο.
824 1233 869 1287 12,
885 1214 1032 1291 duplicato
1049 1214 1082 1270 in
1096 1211 1156 1270 fine
1170 1225 1282 1269 numero

140 1315 253 1373 senario
281 1315 361 1373 unde
383 1331 502 1372 carmen
529 1313 691 1372 incohatur.
743 1312 910 1391 Ertantque
937 1322 1027 1372 notae
1053 1328 1118 1369 nou
1142 1309 1283 1369 solumin

139 1411 212 1472 Cau.
231 1416 296 1487 183,
312 1412 465 1471 sedetiam
480 1412 510 1470 12
525 1411 787 1471 Βο211212202221
803 1412 835 1470 F.
853 1431 878 1470 1.
896 1426 932 1485 15
941 1411 961 1482 ¹,
975 1411 1034 1487 qui,
1048 1409 1133 1487 quod
1147 1424 1283 1485 nusquam

138 1510 208 1570 alias
229 1510 304 1583 fecit,
318 1511 349 1568 in
363 1510 421 1569 hoc
441 1528 502 1568 uno
524 1511 653 1569 carmine
674 1511 853 1587 singularum
867 1509 1056 1588 partitionum
1071 1503 1199 1567 litteram
1219 1505 1283 1564 initi-

138 1610 215 1668 alem
229 1609 363 1668 caeruleo
378 1609 475 1668 colore
491 1609 640 1684 distinguit
648 1608 668 1666 ².

179 1706 292 1766 Eadem
307 1706 365 1766 fere
380 1726 416 1766 ex
431 1709 551 1784 antiquo
566 1706 667 1767 codiee
682 1707 789 1784 colligo
809 1706 956 1766 Prudentii
966 1706 985 1765 ⁸.
1028 1705 1065 1765 In
1079 1704 1140 1764 hoc
1156 1701 1285 1780 strophae

138 1808 285 1886 (ἰσόμετροι
310 1792 377 1867 sunt
400 1809 458 1867 sere
484 1826 597 1880 omnes,
620 1808 672 1868 sed
700 1808 832 1868 eiusdem
860 1825 976 1885 semper
996 1807 1113 1865 numeri
1141 1801 1286 1881 uersuum)

139 1905 268 1982 praefixa
281 1907 392 1965 maiore
406 1906 498 1965 littera
519 1908 614 1982 primo
636 1907 773 1984 strophae
794 1907 934 1983 cuiusque
953 1905 1052 1965 uersui
1071 1905 1149 1964 inter
1162 1923 1195 1964 se
1208 1920 1285 1980 sepa·

139 2014 247 2063 rantur.
291 2004 350 2062 Sed
365 2003 508 2063 interdum
523 2023 577 2082 pro
596 2024 705 2083 magna
726 2006 819 2064 littera
840 2003 938 2063 initiali
958 2014 1008 2063 aut
1028 2021 1081 2080 per
1094 2020 1224 2063 errorem
1244 2010 1287 2060 aut

139 2102 194 2160 alia
209 2120 268 2178 qua
283 2120 370 2161 causa
384 2103 481 2161 minor
495 2103 601 2179 scripta
615 2114 660 2164 est
667 2122 677 2177 ;
698 2115 729 2163 ut
748 2104 834 2163 unius
848 2102 985 2178 strophae
1000 2101 1130 2178 speciem
1144 2101 1285 2178 praebeat,

139 2219 201 2259 202
229 2200 360 2259 duarum.
412 2200 459 2260 Sic
480 2200 667 2261 Prooemium
689 2202 824 2279 strophas
848 2201 937 2261 habet
960 2199 1142 2277 quindecim,
1166 2199 1286 2258 maiores

139 2298 246 2357 litteras
268 2298 423 2358 duodecim
448 2318 474 2370 1,
497 2311 524 2373 7,
548 2319 594 2370 10,
620 2302 664 2372 16,
689 2319 736 2371 22,
760 2314 807 2374 25,
830 2302 878 2372 28,
901 2317 948 2372 31,
970 2316 1019 2373 34,
1040 2311 1089 2373 37,
1105 2316 1155 2370 40,
1171 2317 1230 2373 43:
1250 2296 1286 2356 u'c

140 2397 367 2457 Cathemerinon
392 2397 444 2467 IX,
470 2397 517 2457 cui
544 2398 672 2474 praefixa
699 2398 772 2456 haec
801 2408 846 2456 est
872 2396 956 2455 metri
984 2395 1117 2456 definitio
1146 2395 1286 2454 ‘Metram

139 2500 330 2558 ‘trochur'cum
350 2499 542 2557 Archr‘lot'cunt
563 2500 713 2556 morracolon
733 2498 902 2573 trr'rtrophon
921 2498 995 2573 quod
1006 2507 1059 2572 per
1074 2498 1157 2574 pedes
1176 2498 1288 2574 duplr'ces

141 2605 147 2629 ¹
151 2596 273 2677 fertur,’
288 2617 405 2675 perraro
420 2597 556 2674 strophas
570 2596 657 2655 habet
674 2597 748 2655 inter
763 2614 794 2655 se
808 2606 858 2655 aut
879 2595 1036 2654 maioribus
1057 2595 1158 2656 litteris
1172 2608 1221 2657 aut
1234 2597 1287 2656 alio

140 2698 226 2773 siguo
242 2697 398 2766 distinctas
415 2713 627 2773 saepenumero
642 2696 782 2753 maiorem
801 2694 924 2753 litteram
945 2711 1001 2752 uec
1021 2704 1134 2753 mutata
1155 2695 1287 2772 stropha;

140 2796 182 2853 sic
204 2795 361 2871 Peristeph.
379 2795 431 2865 VI,
454 2795 535 2870 quod
557 2792 818 2868 Hendecasyllabis
840 2803 963 2863 constat,
984 2791 1015 2849 12
1036 2792 1175 2869 strophas
1195 2805 1287 2854 autem

140 2892 265 2951 diuisum
283 2904 326 2950 est
341 2893 481 2950 trinorum
502 2910 639 2951 uersuum
662 2891 741 2949 finita
762 2910 829 2949 cum
851 2889 971 2965 singulis
992 2891 1118 2967 strophis
1140 2893 1287 2961 sententia,

141 3007 202 3048 202
218 2990 308 3064 signis
323 3008 377 3047 222
392 2990 548 3048 litterarum
563 2992 670 3067 specie,
686 2989 770 3068 quale
784 2990 820 3048 sit
834 2988 984 3061 definitur;
1005 3008 1109 3048 uersus
1129 2990 1210 3048 enim
1231 3007 1287 3047 non

140 3086 245 3161 singuli
269 3087 395 3162 spatium
420 3087 513 3146 lineae
538 3089 680 3158 obtinent,
702 3087 755 3146 sed
775 3089 813 3146 ab
834 3097 963 3145 extrema
983 3087 1061 3146 linea
1082 3087 1120 3145 ad
1145 3089 1287 3164 inceptam

140 3192 312 3261 sequentem
331 3186 544 3244 continuantur.
586 3187 670 3244 Idem
691 3185 768 3245 cadit
789 3187 819 3243 12
840 3185 996 3262 Peristeph
1017 3184 1099 3257 XIV,
1122 3204 1286 3265 quanquam

142 3282 199 3341 hoc
214 3282 333 3358 quidem
348 3283 377 3340 iu
398 3283 532 3358 strophas
552 3302 612 3342 nou
632 3284 783 3362 descripsit
804 3284 984 3343 Prudentius
1028 3282 1087 3342 Sed
1101 3294 1202 3344 tamen
1216 3303 1287 3362 quae

140 3391 240 3440 extant
253 3382 376 3456 uestigia
394 3381 463 3439 satis
486 3381 615 3440 indicant
636 3382 866 3442 Christianorum
889 3382 990 3442 saltem
1011 3383 1043 3441 12
1063 3385 1210 3459 poematis
1230 3401 1288 3443 202

140 3490 226 3538 notas
250 3497 375 3556 semper,
398 3479 498 3554 quales
522 3493 721 3540 memorantur
742 3500 760 3540 a
781 3480 922 3540 Suetonio
943 3490 971 3538 et
993 3479 1118 3553 Isidoro,
1139 3493 1287 3559 usurpatas

139 3579 227 3637 fuisse
242 3579 272 3637 in
287 3578 441 3637 discrimen
456 3579 648 3655 stropharum,
662 3580 714 3639 sed
729 3579 807 3638 idem
822 3579 891 3638 alias
905 3578 1062 3638 litteramm
1081 3579 1208 3639 formam
1229 3598 1288 3638 ma-

140 3677 232 3734 iorem
247 3677 317 3735 alias
332 3677 462 3735 relietum
478 3676 532 3756 (sic
547 3679 625 3736 enim
640 3677 741 3756 credo)
757 3689 824 3755 post
839 3678 989 3755 stropham
1003 3679 1129 3754 spatium
1149 3678 1288 3738 effecisse.

174 3903 182 3931 ¹
199 3903 239 3948 Est
257 3901 295 3948 hic
312 3902 385 3947 codex
401 3901 460 3946 inter
477 3901 586 3960 optimos,
604 3902 715 3949 saxonica
733 3919 801 3950 manu
819 3904 962 3966 conscriptus
978 3904 1112 3964 pulcerrime
1128 3905 1190 3952 cirea
1205 3920 1287 3953 aunum

144 3999 214 4042 1000,
226 3987 260 4032 uti
273 3986 348 4031 Corio
360 3985 434 4029 uisum
447 3993 490 4030 est.
524 3985 643 4031 Accedunt
656 3987 780 4032 identidem
795 3986 905 4035 Scholia
927 3987 983 4033 Post
996 3987 1103 4034 Boetium
1116 3988 1200 4035 eadem
1212 4001 1289 4035 marrus

140 4069 212 4115 Persii
230 4068 310 4115 satiras
328 4083 382 4113 cum
400 4066 514 4127 perpetuis
531 4065 627 4114 Scholiis
644 4068 735 4116 adiecit.
770 4068 844 4115 Huius
861 4069 1004 4116 mentionem
1021 4069 1074 4116 lecit
1087 4070 1117 4118 0.
1130 4070 1190 4117 12112
1201 4072 1291 4134 Proleg.

139 4165 198 4198 ccxr.

173 4232 183 4260 ²
200 4233 258 4278 Vide
276 4240 343 4279 notas
359 4231 520 4291 seripturamm
534 4247 590 4293 quas
606 4233 629 4279 iu
643 4231 688 4281 fine
705 4233 812 4281 editionis
830 4249 884 4282 suae
901 4233 982 4282 Isidori
999 4233 1122 4298 Originum
1137 4236 1292 4300 adpingendu

140 4315 229 4364 curauit
240 4316 307 4362 0110.

173 4396 183 4426 ¹
200 4397 258 4444 Bibl.
271 4395 336 4442 Bodl.
348 4397 416 4442 Auct.
427 4396 458 4445 Τ,
472 4409 493 4445 2.
508 4411 544 4447 22.
