2872 5002
533 371 897 435 PROLEGOMENA.
1264 374 1294 432 xi

177 558 214 618 Et
232 557 291 618 hos
311 559 436 636 quidem
454 557 535 616 locos
554 556 693 616 indicauit
707 552 778 615 mihi
792 553 913 632 Ingram
927 553 1077 628 Bywater;
1100 552 1205 630 quibus
1219 552 1292 613 haec

138 659 199 735 ipse
213 656 321 715 adicio.

179 756 250 814 Pars
265 753 290 812 Ι.
311 773 381 824 ιιι,
395 753 483 812 Rubr.
500 757 528 823 8,
543 752 588 812 ed.
603 751 679 813 Ven.
698 765 785 826 1505.

262 851 406 912 Catullus.
419 849 436 908 1’
452 865 478 924 5.
501 848 614 909 Omnes
628 849 769 908 fallimur:
789 864 886 924 neque
900 856 943 906 est
957 847 1111 923 quisquam
1126 863 1214 922 quem
1230 864 1291 905 non

262 949 294 1007 in
309 949 408 1025 aliqua
421 966 452 1008 re
465 947 565 1007 uidere
579 947 702 1007 suffectu
722 947 834 1023 possis:
860 962 929 1005 suus
949 945 1054 1021 cuique
1075 945 1227 1002 attributus
1247 954 1292 1002 est

264 1065 353 1104 error.

264 1142 386 1202 Catulus
398 1142 427 1201 li
442 1161 469 1200 v.
489 1140 636 1202 Ome-tum
649 1152 703 1218 pro
719 1160 750 1200 re
769 1142 850 1200 habet
866 1141 903 1200 de
922 1141 968 1198 uel
982 1146 1290 1216 oe-posses-atque

265 1242 417 1300 attributus
431 1239 454 1319 (l
469 1237 647 1317 actributus).
689 1240 768 1298 Add.
786 1259 831 1311 aa,
848 1243 916 1298 801.

266 1338 387 1398 Catulus
401 1339 432 1396 in
446 1357 471 1394 v.
514 1337 610 1414 aliqua
623 1356 654 1396 re
668 1357 718 1396 om.
762 1337 847 1396 Misc.
865 1339 931 1394 186.

265 1435 387 1495 Catulus
400 1454 426 1495 c.
440 1454 465 1494 V.
508 1434 619 1494 Rerum
627 1446 684 1510 pro
697 1454 737 1493 re.
779 1434 1029 1494 Nov.Coll.1oo.

182 1533 256 1594 Pars
270 1535 318 1594 iiii
339 1533 405 1592 Lib.
421 1533 455 1602 vi,
470 1532 562 1592 Rubr.
578 1552 604 1608 3,
620 1533 657 1591 ed
672 1531 746 1591 Ven.
789 1531 919 1591 Catullus
932 1541 1029 1609 poeta.
1044 1549 1067 1590 c.
1084 1551 1103 1607 9

306 1631 361 1690 Est
374 1650 411 1690 ne
425 1631 510 1690 nouis
524 1631 631 1706 nuptiis
645 1630 714 1688 odio
729 1647 823 1688 uenus
837 1638 922 1706 atque
937 1639 1090 1705 parentum

348 1727 531 1787 Frustrantur
545 1727 624 1786 falsis
637 1728 744 1803 gaudia
758 1727 950 1804 lachrymulis.

267 1825 396 1886 Catullus
409 1834 505 1902 poeta.
520 1843 545 1885 c.
561 1846 588 1900 9.
610 1824 959 1902 Nuptiis-lachrymulis.
1002 1822 1080 1882 Add.
1094 1841 1140 1895 aa,
1156 1827 1224 1882 801.

265 1924 386 1985 Catulus
395 1934 490 2000 poeta
504 1941 529 1982 c.
538 1923 576 1981 ix.
598 1921 1099 1999 Nuptiis-irustratur-lacrimilis.
1129 1920 1289 1980 Misc.186.

264 2022 385 2083 Catulus
399 2032 493 2100 poeta
509 2040 533 2090 c
551 2041 577 2094 4.
599 2019 722 2097 Nupciis
737 2019 919 2080 odit—salsis
932 2038 983 2079 ont.
1026 2018 1104 2078 Nou.
1117 2017 1191 2078 Coll.
1211 2037 1278 2078 roo-

183 2121 254 2180 Pars
269 2121 296 2181 ii.
318 2121 381 2180 Lib.
395 2120 413 2191 i,
429 2119 520 2178 Rubr.
536 2132 563 2191 5,
579 2118 616 2177 ed
631 2118 708 2176 Ven.

264 2218 395 2278 Catullus
409 2236 434 2276 c.
449 2237 475 2293 9.
499 2215 546 2274 Ne
560 2216 682 2273 nimium
696 2215 786 2273 simus
802 2215 953 2274 stultorum
967 2232 1049 2273 more
1063 2215 1190 2274 molesti.

265 2315 386 2375 Catulus
406 2333 450 2373 ca
472 2333 499 2389 9.
522 2312 605 2372 Misc.
628 2315 685 2370 186
693 2332 701 2385 ;
730 2322 759 2371 et
780 2313 821 2371 sic
842 2311 902 2372 sere
923 2312 998 2373 Nov.
1022 2312 1095 2372 Coll.
1122 2332 1187 2384 100,
1210 2312 1290 2372 Add.

267 2433 313 2486 aa,
329 2416 397 2472 801.

182 2512 230 2571 Ex
250 2511 297 2571 his
317 2511 389 2571 locis
409 2527 485 2569 unus
506 2509 575 2568 aliem
596 2504 808 2567 omnes-error
829 2508 909 2588 (xxii.
932 2508 1044 2587 18-20)
1066 2510 1106 2568 ita
1125 2527 1288 2584 congruere

142 2611 257 2670 uidetur
277 2627 345 2669 cum
365 2608 399 2667 iis
419 2625 495 2684 quae
516 2609 547 2666 in
567 2606 687 2666 Florum
710 2606 867 2666 Moralium
886 2607 1099 2666 Auctoritatum
1120 2606 1166 2665 lib.
1183 2607 1208 2665 ii
1228 2625 1288 2681 c.3

143 2709 250 2784 scripta
270 2707 381 2766 inuenit
401 2704 594 2775 Detleisenus‚
615 2714 647 2763 ut
667 2723 704 2764 ex
725 2704 782 2763 alio
803 2714 903 2764 tamen
927 2703 1010 2763 fonte
1030 2704 1175 2764 deriuatus
1195 2704 1288 2763 suerit.

142 2804 222 2864 Nam
247 2804 341 2864 codex
363 2803 491 2869 Florum,
515 2803 566 2879 qui
586 2801 658 2861 liber
682 2822 707 2862 a
731 2820 808 2878 ¹329
827 2802 962 2862 Veronae
983 2803 1106 2881 scriptus
1127 2813 1180 2874 est,
1202 2803 1289 2862 habet

142 2903 224 2975 haec,
259 2901 305 2960 Dc
317 2921 418 2961 errore.
456 2900 587 2960 Catullus
600 2902 641 2958 ad
659 2899 773 2959 Varum.
818 2899 903 2972 Quem
917 2920 971 2959 non
984 2902 1015 2959 in
1029 2902 1127 2977 aliqua
1141 2919 1172 2958 re
1186 2900 1290 2980 (uidere

143 2998 206 3073 om)
221 2999 365 3077 Sistenum
373 2999 466 3076 pareri
478 3016 547 3057 suus
560 3000 656 3074 cuique
669 2998 822 3057 attrr'butus
839 3006 880 3057 ert
894 3017 984 3058 error.
1027 2998 1085 3059 Sed
1098 3019 1153 3058 non
1166 3002 1290 3059 uidemus

142 3101 259 3157 maniter
272 3099 346 3174 quod
355 3100 386 3155 in
399 3103 475 3174 tergo
488 3095 551 3154 esst.
592 3095 677 3155 Haec
697 3097 720 3154 si
741 3114 777 3155 ex
792 3096 958 3156 Hieremiae
977 3099 1155 3175 compendio
1174 3110 1290 3175 sumpta

143 3207 220 3268 sunt,
233 3197 323 3255 miror
336 3212 396 3272 quo
411 3203 498 3270 pacto
513 3195 642 3252 euenerit
655 3202 687 3252 ut
701 3194 782 3269 quod
796 3195 826 3251 in
841 3194 1028 3272 Compendio
1042 3198 1204 3256 inueniatur
1220 3198 1289 3255 idem

142 3295 390 3372 omnersallrinur,
408 3311 489 3368 neque
509 3298 549 3350 cst
566 3294 710 3367 quisquam
732 3293 763 3350 in
785 3292 859 3351 libro
880 3293 998 3353 Florum
1020 3313 1081 3353 non
1102 3305 1187 3366 extet,
1209 3294 1290 3370 quod

142 3403 241 3453 autem
263 3392 312 3452 hic
332 3392 405 3451 liber
426 3389 531 3450 habeat
551 3391 672 3448 sednon
694 3391 933 3467 uidemus-tergo
952 3398 999 3463 est,
1021 3393 1050 3451 id
1071 3394 1101 3451 in
1123 3392 1291 3450 Hieremiae

142 3490 331 3567 Compendio
351 3507 413 3548 non
432 3489 552 3565 legatur.
595 3488 748 3547 Praeterea
766 3488 864 3547 titulus
884 3490 936 3548 iste
951 3491 991 3547 ad
1009 3490 1114 3549 Varum
1129 3490 1207 3548 unde
1222 3506 1290 3564 pro·

143 3587 226 3646 fluxit
247 3589 302 3646 nisi
322 3606 359 3645 ex
381 3587 446 3662 ipso
464 3585 564 3645 codice
584 3587 747 3646 carminum
765 3585 891 3645 Catulli?
934 3588 981 3646 Sic
1003 3589 1081 3646 enim
1103 3589 1190 3645 etiam
1212 3604 1290 3644 nunc

144 3686 174 3744 in
200 3685 349 3744 codicibus
373 3684 478 3760 legitur
504 3702 528 3743 c.
551 3684 611 3742 xxii
633 3683 761 3760 praefixa
782 3685 834 3742 Ad
859 3684 963 3743 Varum
988 3685 1146 3760 inscriptio.
1188 3682 1291 3758 Itaque

144 3792 211 3841 ante
236 3800 344 3840 annum
372 3782 473 3840 saltem
500 3800 576 3857 ¹329
600 3783 695 3840 codex
723 3782 768 3840 ille
793 3782 884 3841 redux
908 3782 1012 3842 Catulli
1037 3783 1094 3839 iam
1120 3782 1289 3838 innotuerat.

144 3880 203 3940 Sed
226 3882 289 3957 ipse
313 3879 477 3939 Hieremias
502 3881 580 3938 unde
603 3891 716 3957 septem
737 3898 789 3940 eos
810 3881 893 3939 locos
914 3881 944 3937 in
966 3878 1184 3956 Compendium
1206 3896 1291 3936 suurn

143 3979 255 4038 intulit?
311 3979 441 4038 Credidit
469 3978 492 4037 1.
518 3978 649 4054 Bywater
677 3996 714 4036 ex
742 3978 911 4054 anthologia
935 3996 1003 4035 eum
1030 3978 1198 4052 sumpsisse,
1223 3995 1291 4034 cum

142 4080 234 4153 capilo
248 4078 393 4154 quaedam
407 4087 556 4146 memoret,
568 4076 648 4153 quod
662 4076 700 4135 ad
715 4077 863 4152 integrum
876 4075 980 4135 Catulli
996 4074 1129 4133 codicem
1143 4075 1192 4132 uix
1207 4093 1291 4133 reuo-

144 4176 264 4246 caueris,
289 4175 367 4246 libris
391 4184 488 4234 autem
511 4183 539 4233 et
563 4175 633 4234 alias
658 4175 811 4234 rarissimis
839 4192 909 4232 usus
937 4173 1076 4241 uideatur,
1099 4174 1199 4249 quales
1224 4183 1291 4233 sunt

173 4303 180 4332 ¹
201 4305 331 4354 Schwabius
348 4305 376 4352 de
393 4305 516 4353 (lodicibus
534 4305 667 4367 Archetypo
684 4315 708 4352 et
725 4306 848 4353 Veronensi
865 4305 1000 4353 Catullianis
1015 4306 1119 4366 Dorpati,
1134 4302 1204 4366 1865,
1216 4320 1238 4366 p.
1253 4317 1294 4361 11,

143 4403 165 4434 n.
180 4400 218 4450 13.
