2872 5002
118 316 121 321 1
230 373 288 427 354
523 363 726 425 ADDENDA
748 359 1090 424 PROLEGOlllENlS.

354 528 447 587 Instat
468 538 497 586 et
517 528 641 586 omnino
662 527 769 586 librum
790 543 838 584 me
859 526 955 602 poscit
975 525 1115 593 amicum,

394 625 433 685 Et
453 645 571 685 mecum
592 626 730 702 grauibus
751 643 829 684 nunc
851 624 912 701 agit
932 623 980 681 illa
999 622 1098 680 minis.

354 724 453 796 Quare
475 743 532 801 ego
554 744 607 802 per
628 741 750 800 superos
771 740 886 793 omnes,
906 740 926 781 o
948 738 1014 779 care
1036 718 1157 787 sodalis

396 821 444 880 Sic
465 823 601 898 precibus
621 821 696 880 lenis
717 822 754 879 sit
773 819 911 880 Citherea
931 818 997 888 tuis,

355 918 401 978 Te
423 937 526 995 precor
547 930 635 996 atque
657 920 760 978 iterum
782 937 896 995 precor,
917 917 948 976 id
968 915 1039 974 mihi
1060 930 1172 991 quaere
1195 910 1299 981 libelli,

395 1017 466 1088 Quo
487 1019 555 1076 fiam
578 1025 695 1076 nostrae
716 1016 826 1092 gratior
845 1016 910 1092 ipse
932 1014 1014 1073 deae.

274 1174 358 1234 Haec
378 1176 402 1234 si
416 1175 515 1234 habuit
530 1174 786 1250 Hermaphroditus
800 1191 868 1232 cum
886 1173 1013 1249 primum
1026 1168 1124 1230 editus
1138 1181 1195 1241 est,
1212 1169 1324 1228 Catulli
1337 1185 1392 1225 car·

232 1275 313 1333 mina
327 1292 365 1332 ne
380 1274 463 1332 tertio
477 1272 597 1349 quidem
616 1272 663 1330 uel
683 1280 787 1348 quarto
801 1269 891 1329 lustro
906 1270 1013 1328 saeculi
1027 1268 1086 1327 XV
1101 1266 1190 1327 lacile
1209 1268 1391 1343 parabantur.

235 1372 314 1431 Nam
328 1370 518 1430 Beccadellus
532 1369 669 1428 Panormi
683 1380 769 1428 natus
783 1386 862 1428 anno
877 1387 953 1444 1393
968 1369 1015 1426 uel
1033 1385 1120 1442 1394,
1136 1385 1213 1424 mox
1228 1364 1391 1425 Bononiam

233 1471 340 1529 missus
354 1479 386 1527 ut
400 1468 502 1527 studiis
516 1467 737 1525 humanioribus
751 1485 786 1526 ac
804 1467 866 1525 iure
887 1467 964 1526 ciuili
983 1466 1191 1534 institueretur,
1207 1465 1240 1522 in
1254 1463 1312 1523 hac
1325 1461 1392 1519 urbe

233 1568 364 1636 fortasse,
386 1566 559 1624 adulescens
581 1575 660 1623 certe
680 1583 756 1640 opus
770 1582 855 1622 suum
874 1563 1070 1640 conscripsit¹,
1084 1563 1164 1622 circa
1178 1580 1280 1620 annos
1299 1577 1392 1630 1410-

239 1682 326 1737 1415,
340 1675 372 1722 ut
387 1664 538 1738 Forbergo
553 1663 649 1720 uisum
664 1673 716 1721 est.
759 1661 911 1720 Bononiae
932 1661 1079 1720 familiaris
1100 1659 1196 1719 lactus
1218 1672 1265 1719 est
1286 1659 1389 1717 Becca·

235 1761 329 1819 dellus
344 1760 449 1818 loanni
471 1758 621 1830 Lamolae,
636 1777 762 1835 cumque
784 1776 821 1817 eo
842 1759 1019 1818 Florentiam
1034 1777 1066 1817 se
1080 1757 1218 1828 contulit,
1232 1757 1284 1815 ubi
1299 1749 1389 1814 Pallie

237 1858 346 1916 Strozzi
374 1857 450 1916 lilios
485 1857 608 1916 Lamola
642 1857 819 1916 erudiendos
847 1857 984 1933 suscepit,
1012 1857 1126 1914 amicos
1155 1865 1258 1914 autem
1294 1853 1388 1912 habuit

236 1955 425 2013 Ambrosium
440 1954 669 2026 Trauersarium,
685 1954 821 2013 Nicolam
836 1954 941 2026 Nicoli,
956 1953 1110 2030 Poggium.
1155 1952 1222 2011 Nec
1238 1954 1387 2029 quisquam

236 2052 290 2110 luit
318 2072 354 2110 er
383 2052 569 2110 familiaribus
597 2052 762 2111 Beccadelli
788 2053 837 2130 qui
861 2053 956 2127 magis
985 2049 1273 2127 Hermaphroditum
1300 2050 1387 2109 doctis

237 2150 457 2209 commendaret
479 2160 511 2209 ut
532 2151 594 2226 ipse
619 2153 648 2208 iu
676 2151 799 2226 epistula
827 2160 946 2209 testatur
972 2166 1061 2225 quam
1086 2148 1123 2207 ad
1153 2147 1387 2209 Bartolomaeum

237 2248 410 2307 Pontificem
439 2247 691 2307 Mediolanensem
720 2249 798 2307 misit
825 2267 853 2324 p.
880 2258 934 2324 39⁸
959 2247 1006 2306 ed.
1031 2247 1107 2305 Ven.
1137 2261 1217 2321 1553
1245 2246 1334 2305 Nunc
1354 2244 1390 2303 ad

237 2346 387 2405 anolam
400 2353 523 2404 nestrum
537 2347 622 2418 redeo,
637 2349 663 2404 is
676 2366 717 2404 me
726 2358 778 2423 per
790 2347 915 2422 epistolas
927 2353 1015 2422 rogat,
1026 2347 1166 2420 etquidem
1180 2353 1229 2402 tuo
1243 2347 1349 2403 nomine
1362 2349 1390 2401 ui

237 2445 482 2522 Hermas‘rodiium
496 2446 611 2502 needed
627 2452 652 2502 ie
665 2447 821 2520 prmednm
842 2447 971 2513 mediam
992 2447 1037 2502 aii
1054 2446 1125 2501 em'm
1139 2445 1331 2502 incredibilem
1343 2442 1390 2501 tibi

236 2545 313 2602 st'lt'm
346 2544 485 2600 incessisse
519 2542 634 2600 uidendi
658 2544 726 2612 ems,
756 2543 781 2617 ά
809 2543 953 2599 incidendi
974 2560 1074 2599 uersus
1102 2560 1181 2599 meos.
1234 2540 1302 2618 Ego
1332 2559 1386 2599 cua

230 2643 359 2717 primum
381 2641 561 2711 subsislerem,
583 2641 715 2715 siquidem
736 2660 781 2698 res
801 2641 945 2698 admodum
965 2640 1075 2697 luscam
1099 2644 1145 2708 cst,
1169 2641 1196 2714 ᾇ·
1217 2641 1388 2698 adoltscmb's

237 2750 312 2814 opus,
327 2740 388 2801 dein
402 2745 476 2796 certa
490 2741 595 2796 ralz'one
608 2740 723 2807 decreui,
738 2739 870 2814 quicquid
881 2739 915 2795 id
924 2746 998 2809 esset,
1016 2749 1070 2813 pro
1090 2744 1137 2795 ine
1156 2741 1238 2796 iussu
1260 2741 1389 2796 &meliert

238 2879 245 2895 .
261 2881 268 2895 .
284 2881 290 2893 .
307 2882 313 2894 .
329 2836 416 2893 llis'llo
434 2837 523 2912 igilur
537 2836 592 2893 libi
607 2856 695 2894 meum
712 2835 968 2913 Hermas‘rodilnm,
983 2836 1104 2893 libellum
1118 2838 1228 2911 quidem
1245 2839 1387 2905 lasciniam,

236 2934 286 2989 sed
305 2952 336 2988 ea
364 2933 491 3002 lusciniis,
517 2952 573 3006 qua
600 2935 704 2990 summi
728 2941 859 3004 oratores,
887 2935 1060 2991 sanctissimi
1085 2932 1196 3004 Poetae,
1221 2923 1407 3010 grauissimi

233 3029 398 3104 philosophi,
422 3031 485 3086 ut'ri
505 3033 676 3101 continentes,
698 3032 723 3104 d·
748 3031 912 3091 Christiani
936 3031 1049 3105 denique
1067 3032 1252 3105 praelusere:
1282 3035 1308 3106 4·
1328 3049 1390 3089 sane

237 3132 342 3183 castum
361 3146 415 3184 esse
433 3129 504 3184 decet
519 3130 598 3202 priten
619 3127 733 3187 Pactam
755 3132 851 3205 pisum,
867 3130 1017 3187 uersiculos
1038 3129 1114 3186 nt‘hil
1132 3149 1237 3187 necesse
1258 3137 1307 3200 esi,
1326 3129 1393 3206 qnod

238 3230 269 3280 iu
289 3234 343 3298 pro
368 3231 416 3281 tua
441 3226 591 3283 eruddzbne
609 3229 769 3302 plenissime
793 3231 874 3287 nosti.
916 3229 974 3287 Sed
1003 3238 1031 3286 et
1059 3227 1192 3286 Guarino
1216 3228 1390 3296 Veronensi,

237 3325 418 3399 praeceptori
448 3324 636 3383 celeberrimo
665 3336 692 3384 et
721 3346 783 3398 suo,
804 3328 881 3385 idem
909 3345 985 3403 opus
1012 3324 1137 3385 Lamola
1161 3327 1389 3385 commendarat

238 3421 326 3480 Extat
351 3421 473 3480 Guarini
500 3422 624 3498 epistula
644 3424 681 3482 ad
702 3425 855 3484 Lamolam
881 3427 1045 3501 conscripta
1069 3425 1105 3483 de
1131 3424 1391 3500 Hennaphrodit0‚

238 3521 316 3579 unde
336 3521 409 3580 haec
431 3523 562 3596 excerpsi
584 3523 833 3598 quemadmodum
855 3525 885 3581 in
906 3525 1008 3584 codice
1025 3523 1229 3582 Canoniciano
1251 3523 1316 3581 Lat.
1339 3539 1391 3592 140

239 3619 286 3678 iol.
302 3617 358 3692 85b
372 3622 513 3696 leguntur.
564 3619 599 3678 Vl
617 3630 705 3679 aulem
724 3624 764 3679 ad
779 3642 866 3681 meum
885 3629 1090 3681 conierranenm
1104 3630 1244 3691 reuertar,
1259 3623 1308 3679 illc
1322 3623 1392 3678 hunc

238 3719 269 3774 in
291 3720 397 3776 modum
419 3721 467 3776 aii.
510 3718 588 3776 Nam
611 3728 716 3777 casium
736 3740 791 3778 esse
811 3722 882 3779 dece!
896 3711 975 3795 pium
991 3728 1096 3796 poetam
1115 3719 1224 3795 Ipsum,
1244 3720 1391 3778 uersiculos

238 3817 314 3872 naizil
337 3836 439 3874 necesse
465 3823 510 3873 est.
556 3815 616 3887 Qui
636 3822 693 3874 ium
722 3820 834 3894 denique
861 3819 962 3877 habent
982 3820 1065 3876 salem
1089 3838 1123 3875 ac
1143 3819 1258 3893 leporem
1282 3816 1393 3876 Sisini

238 3915 374 3971 molliculi
381 3934 414 3971 ac
422 3926 528 3988 parum
534 3916 634 3988 pudici
642 3916 685 3974 El
696 3918 896 3993 quodpruriai
908 3918 1025 3974 zncrlare
1030 3918 1150 3992 possint,
1165 3917 1215 3975 ubi
1230 3917 1389 3976 notandum

239 4011 317 4070 duco
331 4014 447 4087 posst'nl,
469 4011 551 4085 quod
575 4031 642 4070 cum
671 4015 701 4071 in
726 4014 831 4073 Catulli
856 4015 1006 4074 codicibus
1030 4016 1080 4072 uix
1105 4032 1166 4072 uno
1191 4026 1281 4092 atque
1305 4017 1389 4074 altero

238 4111 403 4186 reperiatur,
433 4126 494 4165 non
521 4111 624 4168 iniuria
651 4113 707 4186 ipsi
735 4111 867 4171 Guarino
894 4112 1096 4188 imputandum
1125 4113 1249 4171 uidetur.
1305 4114 1388 4171 Vnde

239 4206 277 4265 ad
305 4224 367 4264 rem
388 4205 515 4264 criticam
541 4209 673 4268 nonnihil
700 4211 845 4270 redundat
872 4211 1031 4270 commodi.
1073 4210 1191 4269 Etenim
1220 4214 1245 4271 si
1274 4212 1388 4271 ineunte

271 4399 278 4427 ¹
290 4401 442 4461 Epistularum
453 4405 579 4454 Beccadelli
591 4406 630 4454 iol.
639 4415 692 4469 39⁸,
701 4408 763 4467 quod
772 4409 830 4455 inira
842 4410 936 4456 citatur.
956 4409 993 4456 Cf.
1003 4403 1055 4470 48³.
1065 4408 1152 4469 siquid
1160 4410 1185 4455 in
1195 4409 1387 4458 adolescentie

236 4485 306 4531 iocati
316 4499 401 4533 snmus.
