2872 5002
138 323 167 382 lx
532 320 899 382 PROLEGOM'ENA.

139 506 178 562 ab
193 502 412 580 Epigrammate
431 503 531 580 incipit
551 503 605 560 Ad
614 505 743 579 patruum
761 507 863 573 uenia·
893 505 924 562 in
944 503 1170 582 quadragesimo
1194 503 1293 581 primo

139 612 207 679 post
236 602 325 659 uerba
348 600 458 661 Catulli
482 601 640 660 Veronensis
667 601 900 679 Epigrammalon
919 601 1046 660 Le'belltu
1066 603 1217 678 explriilus
1245 608 1292 673 est,

10 760 14 766 ,
139 717 214 777 quae
236 701 325 758 uerba
345 718 432 776 supra
451 700 596 776 inceptam
616 699 725 759 lineam
749 698 904 777 Tamquam
926 701 1061 758 commatre
1084 702 1193 777 scripta
1213 710 1291 771 sunt,

140 799 268 873 sequitur
281 796 445 874 Registrum
459 799 543 856 hutics
561 798 637 856 libri.
680 799 817 874 Singulae
834 799 958 876 paginae
977 799 1149 875 plerumque
1167 818 1206 874 30
1225 817 1290 857 uer-

139 914 189 954 sus
216 896 333 954 habent.
389 895 546 972 Exemplar
568 896 761 956 Bodleianum
782 908 892 956 cartam
913 896 1040 954 adfixam
1061 895 1158 969 habet,
1180 897 1292 973 inqua

140 994 211 1053 baec
226 995 333 1071 scripta
353 1005 420 1053 sunt
434 993 495 1054 ‘Ce
509 995 578 1053 livre
592 994 702 1054 semble
717 1003 777 1053 ette
790 1013 832 1053 un
853 995 928 1053 essai
942 994 979 1052 de
992 994 1056 1052 l’art
1076 1004 1105 1053 et
1124 996 1292 1072 appartient

141 1096 214 1150 ‘aux
236 1092 392 1168 premieres
421 1091 530 1151 annees
550 1093 588 1151 de
607 1090 801 1170 l'impression
819 1109 890 1151 avec
911 1091 964 1151 des
989 1101 1117 1151 caractes
1138 1094 1269 1151 romains
1280 1112 1289 1167 ;

141 1188 350 1264 ‘l'irregularite
372 1189 423 1248 des
443 1189 545 1266 lignes,
559 1187 712 1266 tinegatite
733 1188 785 1248 des
805 1189 910 1259 lettres,
925 1190 953 1248 la
967 1188 1124 1248 difference
1145 1208 1204 1266 que
1224 1189 1290 1267 pre

141 1293 273 1346 ‘sentent
299 1286 341 1344 les
369 1297 527 1346 caracteres
555 1287 728 1364 identiques,
756 1288 785 1346 la
809 1287 904 1346 forme
932 1287 984 1347 des
1012 1289 1196 1364 majuscules,
1227 1298 1291 1347 tout

141 1392 272 1444 ‘montre
293 1383 434 1444 l'enlanee
455 1385 492 1444 de
513 1385 582 1443 l'art
626 1384 670 1443 La
691 1387 832 1462 premiere
854 1384 964 1443 edition
981 1402 1098 1444 connue
1121 1385 1158 1445 de
1175 1386 1290 1445 Catulle

142 1485 231 1560 ‘joint
245 1503 264 1541 a
277 1483 392 1542 Tibulle
412 1483 556 1560 Properoe
570 1493 599 1541 et
619 1483 759 1559 Papinius
776 1482 883 1543 Statius
897 1493 941 1541 est
955 1482 993 1541 de
1010 1498 1107 1558 14723
1129 1484 1231 1542 celleci
1251 1502 1291 1543 ne

142 1582 287 1639 ‘contient
301 1599 358 1656 que
373 1581 484 1640 Catulle
499 1591 528 1640 et
546 1581 577 1657 je
590 1599 628 1639 ne
641 1581 669 1638 la
683 1591 781 1640 trouve
797 1579 869 1638 citee
883 1580 957 1638 dans
967 1598 1063 1638 aucun
1078 1579 1130 1639 des
1145 1599 1291 1657 ouvrages

143 1681 197 1739 ‘de
218 1679 429 1756 bibliographie
443 1697 500 1755 que
519 1679 569 1755 j’ai
583 1697 623 1755 pu
644 1679 798 1737 consulter.
839 1677 883 1736 Le
899 1677 1019 1754 registre
1036 1678 1086 1754 qui
1105 1696 1137 1737 se
1153 1688 1256 1737 trouve
1273 1697 1292 1736 a

143 1779 187 1838 ‘la
209 1781 247 1835 80
269 1795 344 1854 page
365 1795 475 1853 prouve
489 1795 546 1853 que
567 1776 594 1834 le
608 1776 724 1835 volume
745 1786 789 1834 est
807 1775 936 1852 complet
954 1786 983 1834 et
997 1776 1065 1852 qu’il
1087 1776 1136 1852 n’y
1149 1795 1168 1834 a
1185 1777 1291 1853 jamais

142 1878 196 1930 ‘eu
219 1871 255 1930 de
276 1881 351 1929 cette
371 1870 481 1930 edition
501 1888 558 1947 que
584 1871 611 1928 le
641 1871 702 1929 seul
724 1868 844 1930 Catulle.
900 1869 984 1928 Cettc
1005 1869 1114 1929 edition
1142 1889 1181 1929 ne
1208 1881 1292 1948 porte

144 1976 256 2028 ‘aucun
277 1987 349 2027 nom
368 1969 404 2027 de
423 1969 490 2040 lieu,
511 1969 584 2027 mais
604 1968 633 2026 la
649 1968 721 2026 fleur
739 1967 775 2025 de
794 1968 828 2026 lis
844 1967 895 2044 qui
911 1986 943 2026 se
961 1978 1061 2026 trouve
1077 1969 1176 2046 peinte
1197 1987 1237 2028 en
1258 1987 1293 2028 or

145 2067 235 2126 ‘dans
255 2066 328 2139 leQ
347 2066 506 2143 maiuscule
527 2066 563 2125 de
584 2066 612 2125 la
632 2066 772 2143 premiere
792 2083 868 2142 page
888 2067 1013 2142 pourrait
1034 2065 1104 2125 faire
1121 2067 1214 2125 croire
1234 2085 1292 2143 que

143 2167 230 2224 ‘c'est
250 2183 308 2223 une
329 2165 501 2240 impression
521 2165 557 2223 de
578 2165 676 2224 Paris!
732 2163 830 2222 Potuit
850 2173 949 2222 tamen
968 2163 1135 2223 Florentiae
1153 2165 1291 2242 imprimi,

144 2283 211 2324 cum
231 2264 463 2323 Florentinorum
477 2281 596 2340 quoque
616 2265 647 2321 in
667 2262 829 2338 insignibus
850 2262 930 2320 idem
944 2261 1000 2320 flos
1014 2260 1105 2321 fuerit.
1147 2261 1291 2321 Merlinus

144 2363 241 2421 Vlrico
269 2360 348 2433 Han,
378 2362 545 2438 impressori
572 2361 718 2432 Romano,
742 2361 858 2432 tribuit3
881 2359 1025 2418 Brunetus
1048 2359 1186 2419 Andreae
1205 2360 1292 2421 Gallo

144 2463 316 2532 Ferrarensi,
331 2461 381 2539 qui
399 2462 477 2520 hunc
491 2462 596 2520 libmm
610 2471 749 2538 tanquam
768 2461 895 2537 primum
909 2460 1057 2536 specimen
1070 2462 1205 2537 uulgarit,
1220 2480 1291 2520 mox

144 2564 261 2621 daturus
282 2562 432 2620 cultiorem
455 2559 618 2618 Martialem
639 2577 773 2636 quaeque
794 2559 849 2616 alia
868 2558 1038 2635 prodierunt
1054 2557 1193 2618 Ferrarae
1212 2578 1291 2619 anuo

149 2677 233 2737 1471.
286 2659 344 2718 Sed
359 2657 508 2727 Martialis,
523 2659 604 2716 cuius
625 2657 774 2733 exemplar
787 2665 865 2715 extat
882 2657 913 2714 in
927 2656 1101 2716 bibliotheca
1122 2656 1291 2728 Bodleiana,

143 2768 202 2816 tam
231 2758 337 2815 nitidus
358 2769 401 2815 est
422 2765 450 2814 et
471 2755 601 2814 excultus
621 2765 654 2813 ut
682 2773 750 2813 cum
777 2754 832 2813 hac
852 2754 980 2815 editione
1001 2754 1105 2816 Catulli
1132 2757 1183 2816 uix
1211 2775 1292 2816 com·

144 2854 290 2930 parandus
304 2855 441 2913 uideatur.

206 3029 361 3088 Lectiones
376 3029 467 3087 adieci
482 3046 556 3105 quae
571 3028 756 3088 notabiliores
771 3030 841 3088 mihi
855 3031 935 3089 uisae
950 3040 1024 3090 sunt.

187 3145 209 3202 I.
235 3164 249 3201 2
272 3144 378 3220 punice
468 3145 566 3203 seculo
657 3144 729 3203 llluc
750 3146 829 3204 unde
920 3145 949 3205 Ο
971 3147 1078 3206 sactum
1098 3147 1175 3206 male
1195 3148 1292 3208 bonus

146 3243 192 3301 ille
219 3260 319 3317 passer
461 3243 584 3318 gemelle
611 3253 706 3302 castor
863 3262 933 3302 nam
958 3245 988 3301 ni
1015 3245 1143 3321 perualet
1171 3246 1227 3305 ista
1254 3247 1293 3304 nil

147 3352 255 3399 taceres
348 3338 477 3398 exsututa
497 3341 609 3417 pandas
705 3359 795 3417 quom
816 3343 917 3401 iocosa
938 3342 1046 3400 fiebant
1140 3344 1293 3420 quomodo

147 3458 178 3498 se
199 3438 318 3496 haberet
416 3437 485 3496 nihil
507 3456 601 3514 neque
622 3440 691 3515 ipsis
798 3457 853 3497 nec
874 3439 1002 3499 lacerent
1021 3439 1071 3516 pili
1174 3443 1294 3518 cerapin

147 3554 278 3614 pararem
370 3536 478 3593 insulsa
570 3537 728 3612 arabasque
825 3556 876 3595 seu
898 3555 1000 3613 saegas
1095 3536 1165 3597 Hoc
1188 3538 1294 3598 salsum

146 3654 210 3695 esse
232 3644 315 3710 putas
398 3634 535 3692 tricentos
617 3653 653 3692 ex
674 3634 780 3693 hiberis
863 3635 938 3692 male
960 3635 1095 3712 perderes
1167 3656 1294 3697 *nouum

147 3743 191 3791 est
218 3742 364 3809 repertum
480 3731 543 3790 silla
570 3731 706 3790 litterator
819 3732 889 3791 salse
917 3733 957 3790 sic
985 3733 1074 3791 abibit
1188 3735 1294 3811 suphe-

147 3849 218 3887 num
321 3829 361 3887 nil
375 3847 507 3887 ueremur
603 3829 638 3888 In
653 3831 727 3890 sesto
829 3850 888 3907 qua
901 3832 969 3889 libet
982 3841 1015 3890 ut
1029 3832 1098 3889 libet
1206 3833 1296 3894 Nunc

147 3947 239 3986 unum
254 3928 368 4003 excipio
464 3929 591 3985 attractis
605 3929 728 4004 pedibus
831 3928 890 4000 Qui
905 3940 972 3988 sunt
986 3930 1122 3988 molliculi
1235 3931 1296 4004 Qui

148 4044 215 4084 cum
230 4025 355 4101 denique
448 4025 563 4083 lombos
654 4025 678 4084 (ἔ
691 4026 815 4084 Colonia
829 4045 889 4085 uno
904 4045 978 4102 quae
994 4029 1076 4104 cupis
1090 4037 1181 4105 ponte
1195 4030 1295 4088 ludere

147 4124 237 4197 longo
349 4122 508 4181 irrediuiuis
619 4123 715 4183 bonus
730 4131 755 4184 dc
770 4144 807 4183 ex
821 4136 869 4184 tua
978 4127 1025 4185 uel
1040 4127 1101 4187 salii
1114 4127 1163 4186 uel
1177 4127 1297 4186 subsalii

148 4220 212 4278 Nec
228 4239 259 4278 se
270 4219 400 4280 subleuat
479 4221 569 4281 Hunc
584 4240 674 4299 quom
689 4223 758 4282 uolo
773 4225 810 4283 de
825 4235 875 4283 tuo
951 4226 1118 4303 delinquere
1195 4226 1296 4303 Atque

149 4319 172 4375 si
189 4318 296 4377 faceres
386 4319 516 4380 Nemeus
530 4339 601 4398 puer
692 4321 737 4381 Ne
752 4323 840 4381 finem
854 4324 958 4383 faciam
1046 4324 1085 4384 sic
1100 4334 1132 4384 ut
1146 4325 1177 4383 fit
1191 4325 1296 4401 pelini·
