2872 5002
515 348 762 416 CARMEN
797 351 906 415 XXV.

203 546 225 617 β
270 539 438 619 Idemque,
462 537 590 614 Thalle,
612 539 744 601 turbida
767 538 914 619 rapacior
934 536 1087 619 procella,

313 649 399 714 Cum
422 649 529 721 diua†
543 649 659 711 mulier
680 650 764 716 aries
786 650 931 714 ostendit
952 650 1138 726 oscitantes,
1270 674 1284 723 5

268 810 417 873 Remitte
439 809 575 892 pallium
599 809 678 871 mihi
702 831 822 888 meum,
845 812 934 893 quod
958 810 1119 888 inuolasti,

269 922 511 1003 Sudariumque
535 920 717 984 Saetabum
740 922 1024 1004 catagraphosque
1047 920 1193 1003 Thynos,

269 1033 394 1114 Inepte,
418 1052 502 1113 quae
524 1031 634 1113 palam
657 1032 743 1095 soles
766 1031 888 1097 habere
910 1041 1069 1113 tanquam
1091 1033 1190 1097 auita.

174 1200 229 1255 Ba
263 1192 358 1276 Quae
381 1212 466 1255 nunc
489 1193 553 1255 tuis
575 1193 618 1255 ab
641 1194 804 1275 unguibus
827 1192 988 1275 reglutina
1011 1200 1044 1256 et
1067 1195 1205 1271 remitte,

313 1306 366 1368 Ne
388 1303 517 1368 laneum
541 1303 737 1368 latusculum
763 1323 944 1386 manusque
967 1303 1158 1368 mollicellas
1258 1334 1287 1370 to

312 1416 426 1479 Inasta
449 1417 587 1498 turpiter
608 1416 668 1479 tibi
692 1415 821 1498 flagella
845 1415 1096 1493 conscribillent,

175 1650 198 1692 4·
236 1628 291 1680 tale
305 1627 349 1679 VO
402 1626 498 1678 tulleb
550 1630 614 1682 talla
631 1637 688 1680 cett.
749 1627 874 1706 rapacior
885 1624 1062 1731 om'aanLN
1116 1627 1237 1694 rapatior
1251 1630 1285 1679 A.

176 1758 199 1803 5.
234 1739 405 1792 diuamulier
419 1736 510 1789 codices
612 1737 791 1791 ,ariesOVen
841 1705 1010 1793 ΜἕΙίὓοείῗ
1116 1737 1182 1789 alios
1195 1735 1288 1791 Lo²Va

142 1810 314 1880 Phillippensis
328 1808 445 1876 marg.b
535 1807 606 1860 arios
618 1808 740 1875 marg.L
841 1823 906 1861 aues
918 1818 974 1861 cett.
1075 1807 1203 1860 ostendet
1215 1808 1287 1860 Doto

240 1883 245 1911 l

138 1921 261 1975 ostendet
282 1920 306 1972 G
383 1916 503 1970 ostendit
514 1928 572 1970 cess.
650 1917 817 1970 obscitantes
829 1918 1005 1988 Philippensis
1076 1919 1220 1971 ostitantes
1233 1916 1285 1971 La¹

141 1990 296 2042 ossistantes
308 1989 331 2041 Ο
431 1987 502 2040 Cum
515 1988 578 2040 diua
590 1986 649 2055 (dia
662 1987 795 2056 Muretus)
807 1994 897 2041 mater
909 1988 987 2041 alites
996 1988 1117 2041 ostendit
1129 1989 1288 2042 occinentes

141 2059 309 2128 (oscinentes
327 2060 440 2112 Faernus
459 2057 572 2122 Statius)
586 2060 716 2112 Auantius
732 2060 794 2113 Alel.
808 2062 829 2111 1.
842 2059 915 2113 Mur.
934 2060 1001 2111 Stat.
1022 2061 1106 2128 Sillig.
1143 2060 1214 2111 Cum
1229 2059 1288 2112 dira

140 2131 221 2183 maris
233 2130 328 2197 hyems
341 2145 405 2182 aues
415 2134 466 2183 ost.
478 2129 625 2181 oscitantes
639 2130 714 2198 Bapt.
728 2131 859 2183 Guarinus
925 2129 996 2181 Cum
1009 2129 1044 2182 de
1056 2130 1100 2182 uia
1113 2130 1211 2183 mulier
1223 2146 1288 2182 aues

139 2200 259 2253 ostendit
278 2200 425 2252 oscitantes
444 2198 612 2267 (ominantes
636 2198 804 2268 Doeringius)
824 2199 939 2268 Scaliger
957 2200 1037 2253 Doer.
1055 2202 1167 2253 Huschk.
1216 2201 1287 2252 Cum

139 2272 231 2324 cliuias
249 2270 290 2339 (h.
309 2291 329 2323 e.
349 2269 540 2336 prohibitorias
557 2271 627 2323 Plln.
645 2270 679 2322 H.
698 2271 734 2322 N.
753 2270 790 2322 X.
811 2268 858 2337 37)
875 2270 967 2322 Malea
985 2285 1049 2322 aues
1068 2276 1119 2323 ost.
1138 2271 1287 2323 oscitantes

139 2341 217 2410 (arce
236 2347 333 2393 nantes
351 2338 483 2407 Heinsius)
503 2339 603 2393 Vossius
621 2341 737 2393 Heinsius
809 2340 880 2391 Cum
899 2339 962 2392 dina
980 2342 1148 2393 munerarios
1166 2340 1287 2393 ostendit

139 2413 288 2463 oscitantes
301 2411 481 2463 Mchmannus
495 2411 616 2463 Schwab.
688 2411 759 2462 Cum
771 2409 835 2462 diua
847 2411 1015 2463 mulierarios
1026 2416 1078 2463 ost.
1091 2427 1146 2463 osc.
1159 2412 1287 2479 Hauptius

140 2482 210 2533 Cum
224 2482 288 2532 luna
300 2480 467 2532 mtdierarios
479 2487 531 2533 ost.
543 2495 599 2533 osc.
612 2483 714 2549 Heysius
787 2481 901 2533 Lascina
916 2480 1013 2533 mulier
1028 2487 1059 2531 ut
1074 2486 1151 2533 nates
1166 2487 1218 2531 ost.
1231 2496 1288 2532 cos.

140 2551 563 2604 HroehnerusMus.Rlsen.X111.
579 2568 627 2616 149
700 2551 825 2604 Conuiua
839 2567 902 2603 cum
919 2566 996 2602 mero
1013 2549 1102 2615 grauis
1120 2565 1150 2601 se
1167 2550 1289 2601 ostendit

138 2622 303 2674 oscitantem
322 2622 454 2673 Boelsnsisa
473 2621 522 2689 Qu.
542 2622 637 2675 Catall.
649 2634 677 2690 p.
692 2639 725 2673 20
833 2621 904 2673 Cum
922 2619 985 2672 diua
1003 2620 1134 2672 muttiens
1152 2635 1216 2672 aues
1234 2624 1287 2673 ost.

139 2708 195 2745 osc.
214 2693 340 2759 Bergkius
359 2692 429 2744 Mus.
441 2691 520 2743 Rhea.
533 2692 613 2744 XIX.
626 2695 677 2757 ⁶05
786 2691 925 2744 Conclaue
943 2705 1006 2742 cum
1024 2690 1140 2743 uicarios
1157 2691 1191 2742 H.
1210 2691 1244 2742 A.
1264 2693 1287 2742 1.

138 2764 235 2817 Munro
248 2761 357 2814 Cantab.
375 2762 456 2813 Dior.
473 2761 568 2814 Philol.
588 2762 617 2813 V.
632 2764 680 2826 30⁶
771 2762 855 2814 Simul
878 2761 1004 2813 Lauerna
1024 2760 1151 2813 uernulas
1170 2761 1287 2813 Arturus

138 2834 249 2887 Palmer
285 2832 357 2883 Cum
370 2830 429 2882 dita
440 2831 603 2883 uinulenties
615 2832 765 2886 Behrensius
811 2834 927 2884 Fortasse
939 2831 1009 2882 Cum
1022 2829 1086 2882 diua
1097 2836 1173 2882 muta
1185 2830 1285 2895 gauias.

138 2905 197 2956 Vade
213 2921 358 2956 excursum.
394 2903 481 2954 Totum
496 2921 597 2955 uersum
614 2903 648 2955 ab
663 2903 838 2971 interpolatore
845 2904 986 2970 prefectum
999 2901 1123 2954 habebant
1135 2901 1288 2969 Doeringius

139 2974 266 3027 Hands'us.

174 3046 200 3097 6.
236 3043 337 3110 palium
351 3042 414 3094 Aah
483 3057 575 3093 meum
588 3041 696 3093 mihiH
764 3057 855 3094 meum
868 3060 954 3096 om.a.
1088 3102 1092 3108 ,

175 3128 201 3178 7.
239 3128 308 3180 quae
324 3113 346 3165 G
416 3112 577 3164 saethabum
592 3114 615 3166 G
680 3112 823 3165 sethabum
837 3111 889 3164 La²
954 3113 1096 3165 sathabum
1112 3110 1288 3167 ABCDLLa¹

140 3183 235 3236 OVahe
247 3183 424 3252 Phillippeasis
507 3183 653 3235 sachabum
667 3184 695 3234 H
771 3183 911 3235 saetabum
924 3184 1114 3249 Lachmannus,
1127 3186 1161 3250 ef,
1174 3185 1240 3235 XII.
1256 3201 1287 3247 14

139 3252 335 3319 cathagraphos
347 3250 515 3307 ACGLa¹Oh
584 3252 754 3319 cathagrafos
767 3250 846 3305 Lo²l⁷
904 3254 1088 3322 cyrographos
1100 3254 1253 3307 Cuiacianus
1265 3264 1289 3306 et

140 3325 215 3377 codex
229 3323 312 3376 Alani
359 3323 449 3375 thinos
462 3322 618 3376 CGLa²Obb
669 3324 741 3376 tinos
754 3321 898 3377 BDLa¹Va
951 3324 1094 3392 thymosl.
1149 3324 1249 3376 thimos
1263 3323 1291 3375 A

140 3395 183 3459 Cf.
202 3413 290 3447 uersus
309 3394 463 3446 Maecenatis
482 3397 508 3447 in
527 3395 623 3460 Meyeri
640 3395 746 3447 Anthol.
766 3397 788 3447 1.
802 3408 830 3462 p.
845 3412 885 3459 ar,
900 3393 975 3446 ‘Nec
994 3411 1063 3463 quos
1081 3395 1208 3462 Thynica
1227 3394 1290 3444 lima

140 3464 300 3531 ‘perpoliuit
307 3464 435 3516 Anellos!
451 3464 629 3533 Catagraphos
638 3485 689 3518 esse
696 3464 784 3518 anulos
791 3467 943 3533 signatorios
953 3484 999 3518 non
1007 3466 1087 3518 solum
1095 3465 1290 3532 additoepitheto

141 3533 257 3602 Thynos
265 3535 441 3602 confirmatum
453 3536 537 3599 habeo,
551 3535 680 3587 sedetiam
692 3557 718 3588 eo
730 3536 794 3603 quod
795 3538 913 3601 facinori
921 3536 1007 3588 ‘Thalli
1018 3537 1105 3589 melius
1118 3537 1153 3586 sic
1163 3533 1289 3602 respondet

141 3605 288 3674 supplicium
296 3625 306 3671 ,-
316 3625 378 3658 nam
388 3616 416 3658 ut
425 3606 465 3657 hic
474 3607 640 3674 catagrapha
648 3625 706 3673 quos
715 3605 845 3658 inualarat
854 3608 1005 3672 usurassuit
1013 3605 1218 3672 adsignandam
1226 3621 1289 3670 qaae

133 3678 247 3742 furatus
259 3687 305 3740 est,
318 3677 354 3727 sic
362 3676 481 3744 flagellis
498 3676 615 3728 Catullus
628 3677 715 3743 quibus
732 3696 788 3730 eam
806 3688 929 3744 tanquam
938 3678 1030 3742 furem
1041 3676 1116 3740 farti
1134 3675 1212 3741 signis
1232 3692 1288 3724 con·

142 3746 305 3798 scribillaret.
350 3746 391 3810 Cf·
411 3746 492 3798 Schol.
512 3747 588 3799 Bern.
611 3748 683 3799 Geor.
704 3748 747 3798 IV.
768 3763 826 3809 559.
872 3747 966 3798 Timet
987 3761 1021 3797 ne
1040 3745 1099 3811 quis
1117 3744 1166 3794 sibi
1186 3743 1289 3794 inuolet

142 3832 210 3883 opus
222 3831 300 3866 suum
314 3821 342 3866 et
354 3817 451 3881 signet,
461 3818 548 3883 quibus
559 3819 640 3869 uerbis
646 3829 721 3885 prope
729 3818 847 3869 allusisse
855 3819 953 3870 uidetur
963 3815 1059 3869 Catulli
1071 3816 1155 3868 uersui
1166 3813 1288 3867 Remitte

141 3887 251 3953 pallium
263 3886 329 3937 mihi
342 3901 432 3937 meum
446 3887 520 3952 quod
533 3887 665 3939 inuolasti.

87 3970 90 3975 “
179 3962 204 4010 8.
243 3957 393 4022 Inepteque
407 3957 482 4009 OHh.

179 4045 205 4091 9.
241 4042 314 4078 nunc
327 4046 374 4080 om.
389 4026 414 4076 V
500 4026 554 4078 tuis
567 4027 581 4078 ό
594 4026 736 4093 ingunibus
750 4028 777 4077 D
872 4025 995 4092 inguibus
1009 4026 1064 4077 AH
1155 4025 1290 4077 remiteO

144 4097 290 4162 regluttina
303 4096 413 4148 remitte
423 4097 452 4147 H
461 4117 478 4149 a
492 4117 527 4149 m.
535 4110 579 4166 pr.

1150 4170 1159 4195 S

182 4224 222 4260 10.
258 4204 319 4259 Nec
332 4207 360 4258 H
429 4214 560 4275 uatesque
573 4207 688 4275 Scaliger
759 4206 939 4259 mollicelasO
1009 4203 1171 4257 molliculum
1184 4205 1218 4257 H.

182 4295 222 4330 11.
258 4280 347 4332 lnsula
365 4278 454 4331 codices
462 4279 625 4348 praeteer
697 4278 841 4329 lnsiccaH
911 4276 1043 4328 lnsulsad
1114 4275 1206 4328 Inusta
1216 4276 1289 4345 Calp.

144 4349 180 4401 ed.
207 4354 270 4413 1481
299 4348 377 4417 uulgo
398 4361 422 4400 et
454 4349 559 4401 Lachm.
590 4361 614 4400 et
644 4351 679 4401 sie
711 4351 745 4400 lo.
777 4350 821 4401 Fr.
853 4349 992 4400 Granouius
1022 4349 1047 4399 in
1073 4348 1182 4400 Elencha
1212 4349 1290 4399 Anti-

144 4419 263 4472 diatrs'bes
278 4432 306 4488 p.
329 4435 376 4485 193
394 4417 445 4486 (ed.
464 4418 574 4487 Hand),
593 4423 635 4487 qui
654 4432 784 4487 comparat
803 4420 869 4471 Stat.
888 4419 959 4471 Theb.
981 4418 1053 4471 Vm.
1074 4434 1124 4483 709
1198 4418 1291 4469 lnsuta
