<?xml version="1.0" encoding="UTF-8"?>
<!DOCTYPE html PUBLIC "-//W3C//DTD XHTML 1.0 Transitional//EN"
    "http://www.w3.org/TR/xhtml1/DTD/xhtml1-transitional.dtd">
<html xmlns="http://www.w3.org/1999/xhtml" xml:lang="en" lang="en">
 <head>
  <title>
</title>
<meta http-equiv="Content-Type" content="text/html;charset=utf-8" />
  <meta name='ocr-system' content='tesseract 3.04.00' />
  <meta name='ocr-capabilities' content='ocr_page ocr_carea ocr_par ocr_line ocrx_word'/>
</head>
<body>
  <div class='ocr_page' id='page_1' title='image "./catulliliber00catugoog_0431.png"; bbox 0 0 2872 5002; ppageno 0'>
   <div class='ocr_carea' id='block_1_1' title="bbox 245 331 929 412">
    <p class='ocr_par' dir='ltr' id='par_1_1' title="bbox 245 331 929 412">
     <span class='ocr_line' id='line_1_1' title="bbox 245 331 929 412; baseline -0.003 0"><span class='ocrx_word' id='word_1_1' title='bbox 245 357 302 412; x_wconf 83' lang='lat'>322</span> <span class='ocrx_word' id='word_1_2' title='bbox 705 331 929 412; x_wconf 79' lang='lat' dir='ltr'>axcvnsvs&#39;</span> 
     </span>
    </p>
   </div>
   <div class='ocr_carea' id='block_1_2' title="bbox 245 509 1425 2366">
    <p class='ocr_par' dir='ltr' id='par_1_2' title="bbox 245 509 1425 1954">
     <span class='ocr_line' id='line_1_2' title="bbox 245 509 1425 598; baseline -0.006 -24"><span class='ocrx_word' id='word_1_3' title='bbox 245 516 353 574; x_wconf 86' lang='lat' dir='ltr'>habent</span> <span class='ocrx_word' id='word_1_4' title='bbox 367 517 477 574; x_wconf 88' lang='lat' dir='ltr'>uariam</span> <span class='ocrx_word' id='word_1_5' title='bbox 498 516 654 576; x_wconf 88' lang='lat' dir='ltr'>lectionem</span> <span class='ocrx_word' id='word_1_6' title='bbox 674 518 781 575; x_wconf 67' lang='grc' dir='ltr'>παύσειέ</span> <span class='ocrx_word' id='word_1_7' title='bbox 794 541 825 591; x_wconf 73' lang='grc' dir='ltr'>γε</span> <span class='ocrx_word' id='word_1_8' title='bbox 840 534 895 575; x_wconf 91' lang='lat' dir='ltr'>nec</span> <span class='ocrx_word' id='word_1_9' title='bbox 915 516 1079 576; x_wconf 86' lang='lat' dir='ltr'>orationem</span> <span class='ocrx_word' id='word_1_10' title='bbox 1100 522 1170 590; x_wconf 92' lang='lat' dir='ltr'>post</span> <span class='ocrx_word' id='word_1_11' title='bbox 1191 509 1226 568; x_wconf 72' lang='lat' dir='ltr'>ai</span> <span class='ocrx_word' id='word_1_12' title='bbox 1247 509 1394 568; x_wconf 74' lang='lat' dir='ltr'>insenum·</span> <span class='ocrx_word' id='word_1_13' title='bbox 1419 584 1425 598; x_wconf 32' lang='grc' dir='ltr'>ι</span> 
     </span>
     <span class='ocr_line' id='line_1_3' title="bbox 245 604 1396 690; baseline -0.006 -20"><span class='ocrx_word' id='word_1_14' title='bbox 245 625 327 690; x_wconf 89' lang='lat' dir='ltr'>punt.</span> <span class='ocrx_word' id='word_1_15' title='bbox 369 613 521 675; x_wconf 91' lang='lat' dir='ltr'>Iacobsius</span> <span class='ocrx_word' id='word_1_16' title='bbox 549 616 625 674; x_wconf 93' lang='lat' dir='ltr'>coni.</span> <span class='ocrx_word' id='word_1_17' title='bbox 647 615 741 672; x_wconf 71' lang='grc' dir='ltr'>παύσει</span> <span class='ocrx_word' id='word_1_18' title='bbox 763 638 795 672; x_wconf 80' lang='grc' dir='ltr'>σε</span> <span class='ocrx_word' id='word_1_19' title='bbox 815 619 896 672; x_wconf 82' lang='grc' dir='ltr'>πόνου</span> <span class='ocrx_word' id='word_1_20' title='bbox 916 614 998 690; x_wconf 92' lang='lat' dir='ltr'>quod</span> <span class='ocrx_word' id='word_1_21' title='bbox 1018 630 1090 673; x_wconf 86' lang='lat' dir='ltr'>sane</span> <span class='ocrx_word' id='word_1_22' title='bbox 1110 628 1149 670; x_wconf 89' lang='lat' dir='ltr'>eo</span> <span class='ocrx_word' id='word_1_23' title='bbox 1174 604 1396 670; x_wconf 83' lang='lat' dir='ltr'>commendatur</span> 
     </span>
     <span class='ocr_line' id='line_1_4' title="bbox 245 703 1397 792; baseline -0.005 -23"><span class='ocrx_word' id='word_1_24' title='bbox 245 713 328 788; x_wconf 91' lang='lat' dir='ltr'>quod</span> <span class='ocrx_word' id='word_1_25' title='bbox 348 713 502 773; x_wconf 87' lang='lat' dir='ltr'>continuus</span> <span class='ocrx_word' id='word_1_26' title='bbox 524 714 555 772; x_wconf 89' lang='lat' dir='ltr'>fit</span> <span class='ocrx_word' id='word_1_27' title='bbox 575 714 751 773; x_wconf 85' lang='lat' dir='ltr'><strong>hexameter.</strong></span> <span class='ocrx_word' id='word_1_28' title='bbox 806 713 884 773; x_wconf 90' lang='lat' dir='ltr'>Nam</span> <span class='ocrx_word' id='word_1_29' title='bbox 906 732 942 772; x_wconf 83' lang='lat' dir='ltr'>ex</span> <span class='ocrx_word' id='word_1_30' title='bbox 970 713 1102 771; x_wconf 87' lang='lat' dir='ltr'>uersibus</span> <span class='ocrx_word' id='word_1_31' title='bbox 1134 728 1170 768; x_wconf 81' lang='lat' dir='ltr'>aa</span> <span class='ocrx_word' id='word_1_32' title='bbox 1201 707 1252 792; x_wconf 90' lang='lat' dir='ltr'>bic</span> <span class='ocrx_word' id='word_1_33' title='bbox 1282 703 1397 764; x_wconf 80' lang='lat' dir='ltr'>seruatis</span> 
     </span>
     <span class='ocr_line' id='line_1_5' title="bbox 245 803 1397 883; baseline -0.001 -15"><span class='ocrx_word' id='word_1_34' title='bbox 245 810 334 868; x_wconf 84' lang='lat' dir='ltr'>iambi</span> <span class='ocrx_word' id='word_1_35' title='bbox 351 825 366 883; x_wconf 82' lang='lat'><strong>7</strong></span> <span class='ocrx_word' id='word_1_36' title='bbox 383 810 513 870; x_wconf 88' lang='lat' dir='ltr'><strong>Platonis</strong></span> <span class='ocrx_word' id='word_1_37' title='bbox 532 824 608 883; x_wconf 90' lang='lat' dir='ltr'>sunt,</span> <span class='ocrx_word' id='word_1_38' title='bbox 622 815 709 873; x_wconf 90' lang='lat' dir='ltr'>ceteri</span> <span class='ocrx_word' id='word_1_39' title='bbox 729 812 889 872; x_wconf 78' lang='lat' dir='ltr'>hexametri</span> <span class='ocrx_word' id='word_1_40' title='bbox 910 815 971 872; x_wconf 89' lang='lat' dir='ltr'>siue</span> <span class='ocrx_word' id='word_1_41' title='bbox 993 830 1011 870; x_wconf 88' lang='lat' dir='ltr'>a</span> <span class='ocrx_word' id='word_1_42' title='bbox 1031 810 1196 868; x_wconf 85' lang='lat' dir='ltr'>Philoxeno</span> <span class='ocrx_word' id='word_1_43' title='bbox 1219 805 1320 881; x_wconf 87' lang='lat' dir='ltr'>scripti</span> <span class='ocrx_word' id='word_1_44' title='bbox 1341 803 1397 862; x_wconf 72' lang='lat' dir='ltr'>siue</span> 
     </span>
     <span class='ocr_line' id='line_1_6' title="bbox 246 901 1398 984; baseline -0.007 -18"><span class='ocrx_word' id='word_1_45' title='bbox 246 926 265 966; x_wconf 89' lang='lat' dir='ltr'>a</span> <span class='ocrx_word' id='word_1_46' title='bbox 287 907 407 967; x_wconf 91' lang='lat' dir='ltr'>Platone</span> <span class='ocrx_word' id='word_1_47' title='bbox 429 909 466 969; x_wconf 86' lang='lat' dir='ltr'>ad</span> <span class='ocrx_word' id='word_1_48' title='bbox 487 911 671 972; x_wconf 89' lang='lat' dir='ltr'>inridendum</span> <span class='ocrx_word' id='word_1_49' title='bbox 693 911 896 983; x_wconf 84' lang='lat' dir='ltr'>Philoxenum,</span> <span class='ocrx_word' id='word_1_50' title='bbox 918 920 950 969; x_wconf 93' lang='lat' dir='ltr'>ut</span> <span class='ocrx_word' id='word_1_51' title='bbox 970 908 1100 984; x_wconf 83' lang='lat' dir='ltr'>Bergkio</span> <span class='ocrx_word' id='word_1_52' title='bbox 1121 907 1228 983; x_wconf 90' lang='lat' dir='ltr'>placet.</span> <span class='ocrx_word' id='word_1_53' title='bbox 1271 901 1353 961; x_wconf 89' lang='lat' dir='ltr'>Nam</span> <span class='ocrx_word' id='word_1_54' title='bbox 1371 901 1398 957; x_wconf 89' lang='lat' dir='ltr'>in</span> 
     </span>
     <span class='ocr_line' id='line_1_7' title="bbox 247 999 1398 1085; baseline -0.006 -19"><span class='ocrx_word' id='word_1_55' title='bbox 247 1006 352 1066; x_wconf 83' lang='lat' dir='ltr'>iambis</span> <span class='ocrx_word' id='word_1_56' title='bbox 374 1009 449 1066; x_wconf 84' lang='lat' dir='ltr'>duae</span> <span class='ocrx_word' id='word_1_57' title='bbox 470 1026 615 1085; x_wconf 85' lang='lat' dir='ltr'>personae</span> <span class='ocrx_word' id='word_1_58' title='bbox 635 1009 709 1071; x_wconf 87' lang='lat' dir='ltr'>iuter</span> <span class='ocrx_word' id='word_1_59' title='bbox 730 1029 762 1071; x_wconf 89' lang='lat' dir='ltr'>se</span> <span class='ocrx_word' id='word_1_60' title='bbox 783 1011 925 1080; x_wconf 90' lang='lat' dir='ltr'>locuntur,</span> <span class='ocrx_word' id='word_1_61' title='bbox 938 1018 1007 1085; x_wconf 93' lang='lat' dir='ltr'>post</span> <span class='ocrx_word' id='word_1_62' title='bbox 1027 1006 1175 1066; x_wconf 87' lang='lat' dir='ltr'>senarium</span> <span class='ocrx_word' id='word_1_63' title='bbox 1196 1012 1301 1062; x_wconf 86' lang='lat' dir='ltr'>autem</span> <span class='ocrx_word' id='word_1_64' title='bbox 1320 999 1398 1078; x_wconf 84' lang='lat' dir='ltr'>quiu-</span> 
     </span>
     <span class='ocr_line' id='line_1_8' title="bbox 246 1097 1398 1182; baseline -0.006 -17"><span class='ocrx_word' id='word_1_65' title='bbox 246 1117 309 1165; x_wconf 91' lang='lat' dir='ltr'>tum</span> <span class='ocrx_word' id='word_1_66' title='bbox 323 1124 399 1164; x_wconf 93' lang='lat' dir='ltr'>unus</span> <span class='ocrx_word' id='word_1_67' title='bbox 417 1106 609 1182; x_wconf 84' lang='lat' dir='ltr'>interponitur</span> <span class='ocrx_word' id='word_1_68' title='bbox 622 1106 806 1180; x_wconf 81' lang='lat' dir='ltr'>hexamete13</span> <span class='ocrx_word' id='word_1_69' title='bbox 829 1118 965 1168; x_wconf 89' lang='lat' dir='ltr'>secuntur</span> <span class='ocrx_word' id='word_1_70' title='bbox 980 1107 1039 1165; x_wconf 90' lang='lat' dir='ltr'>duo</span> <span class='ocrx_word' id='word_1_71' title='bbox 1060 1104 1167 1164; x_wconf 85' lang='lat' dir='ltr'>senarii</span> <span class='ocrx_word' id='word_1_72' title='bbox 1180 1103 1225 1182; x_wconf 79' lang='lat'>(7,</span> <span class='ocrx_word' id='word_1_73' title='bbox 1241 1099 1293 1180; x_wconf 85' lang='lat'>8);</span> <span class='ocrx_word' id='word_1_74' title='bbox 1316 1097 1398 1158; x_wconf 86' lang='lat' dir='ltr'>ceteri</span> 
     </span>
     <span class='ocr_line' id='line_1_9' title="bbox 247 1203 1399 1283; baseline -0.004 -21"><span class='ocrx_word' id='word_1_75' title='bbox 247 1222 349 1263; x_wconf 92' lang='lat' dir='ltr'>uersus</span> <span class='ocrx_word' id='word_1_76' title='bbox 360 1204 520 1263; x_wconf 86' lang='lat' dir='ltr'>hexametri</span> <span class='ocrx_word' id='word_1_77' title='bbox 529 1216 604 1264; x_wconf 91' lang='lat' dir='ltr'>sunt.</span> <span class='ocrx_word' id='word_1_78' title='bbox 627 1203 1399 1283; x_wconf 82' lang='lat' dir='ltr'>ItaquehaudscioanrecteElmsleiusuersumpost</span> 
     </span>
     <span class='ocr_line' id='line_1_10' title="bbox 247 1296 1400 1379; baseline -0.006 -18"><span class='ocrx_word' id='word_1_79' title='bbox 247 1304 280 1361; x_wconf 73' lang='lat' dir='ltr'>ai</span> <span class='ocrx_word' id='word_1_80' title='bbox 300 1304 454 1378; x_wconf 79' lang='lat' dir='ltr'>abruperit.</span> <span class='ocrx_word' id='word_1_81' title='bbox 497 1301 555 1362; x_wconf 86' lang='lat' dir='ltr'>Sed</span> <span class='ocrx_word' id='word_1_82' title='bbox 577 1304 639 1364; x_wconf 90' lang='lat' dir='ltr'>siue</span> <span class='ocrx_word' id='word_1_83' title='bbox 660 1305 718 1365; x_wconf 93' lang='lat' dir='ltr'>hoc</span> <span class='ocrx_word' id='word_1_84' title='bbox 739 1306 830 1364; x_wconf 92' lang='lat' dir='ltr'>modo</span> <span class='ocrx_word' id='word_1_85' title='bbox 851 1324 920 1364; x_wconf 91' lang='lat' dir='ltr'>eum</span> <span class='ocrx_word' id='word_1_86' title='bbox 940 1303 1089 1379; x_wconf 88' lang='lat' dir='ltr'>scripseris</span> <span class='ocrx_word' id='word_1_87' title='bbox 1109 1303 1172 1360; x_wconf 90' lang='lat' dir='ltr'>siue</span> <span class='ocrx_word' id='word_1_88' title='bbox 1193 1309 1229 1358; x_wconf 90' lang='lat' dir='ltr'>ut</span> <span class='ocrx_word' id='word_1_89' title='bbox 1251 1296 1400 1357; x_wconf 86' lang='lat' dir='ltr'>Iacobsius</span> 
     </span>
     <span class='ocr_line' id='line_1_11' title="bbox 248 1395 1399 1478; baseline -0.006 -17"><span class='ocrx_word' id='word_1_90' title='bbox 248 1402 349 1461; x_wconf 90' lang='lat' dir='ltr'>similis</span> <span class='ocrx_word' id='word_1_91' title='bbox 364 1402 469 1462; x_wconf 89' lang='lat' dir='ltr'>euadet</span> <span class='ocrx_word' id='word_1_92' title='bbox 483 1405 635 1462; x_wconf 90' lang='lat' dir='ltr'>sententia.</span> <span class='ocrx_word' id='word_1_93' title='bbox 678 1403 757 1463; x_wconf 88' lang='lat' dir='ltr'>Nam</span> <span class='ocrx_word' id='word_1_94' title='bbox 771 1406 873 1462; x_wconf 76' lang='grc' dir='ltr'>παίσειί</span> <span class='ocrx_word' id='word_1_95' title='bbox 887 1429 918 1478; x_wconf 69' lang='grc' dir='ltr'>γε</span> <span class='ocrx_word' id='word_1_96' title='bbox 932 1409 982 1460; x_wconf 83' lang='grc' dir='ltr'>ποῦ</span> <span class='ocrx_word' id='word_1_97' title='bbox 995 1413 1097 1461; x_wconf 88' lang='lat' dir='ltr'>uotum</span> <span class='ocrx_word' id='word_1_98' title='bbox 1116 1401 1170 1459; x_wconf 91' lang='lat' dir='ltr'>erit</span> <span class='ocrx_word' id='word_1_99' title='bbox 1191 1395 1399 1473; x_wconf 79' lang='lat' dir='ltr'>interpellantis</span> 
     </span>
     <span class='ocr_line' id='line_1_12' title="bbox 247 1498 1400 1577; baseline -0.002 -21"><span class='ocrx_word' id='word_1_100' title='bbox 247 1501 307 1572; x_wconf 80' lang='grc' dir='ltr'>παρ’</span> <span class='ocrx_word' id='word_1_101' title='bbox 336 1502 462 1560; x_wconf 75' lang='grc' dir='ltr'>ὑπόνοιαν.</span> <span class='ocrx_word' id='word_1_102' title='bbox 513 1511 544 1558; x_wconf 80' lang='grc' dir='ltr'>Δ.</span> <span class='ocrx_word' id='word_1_103' title='bbox 567 1501 729 1577; x_wconf 89' lang='lat' dir='ltr'>‘Scorpius</span> <span class='ocrx_word' id='word_1_104' title='bbox 753 1502 868 1573; x_wconf 89' lang='lat' dir='ltr'>autem,&#39;</span> <span class='ocrx_word' id='word_1_105' title='bbox 898 1512 927 1558; x_wconf 80' lang='lat' dir='ltr'>B.</span> <span class='ocrx_word' id='word_1_106' title='bbox 951 1502 1083 1558; x_wconf 89' lang='lat' dir='ltr'>‘utinam</span> <span class='ocrx_word' id='word_1_107' title='bbox 1104 1498 1155 1557; x_wconf 91' lang='lat' dir='ltr'>tibi</span> <span class='ocrx_word' id='word_1_108' title='bbox 1176 1513 1271 1556; x_wconf 86' lang='lat' dir='ltr'>anum</span> <span class='ocrx_word' id='word_1_109' title='bbox 1292 1502 1400 1571; x_wconf 76' lang='lat' dir='ltr'>pungat</span> 
     </span>
     <span class='ocr_line' id='line_1_13' title="bbox 249 1592 1400 1674; baseline -0.005 -18"><span class='ocrx_word' id='word_1_110' title='bbox 249 1594 456 1673; x_wconf 84' lang='lat' dir='ltr'>‘suppositus&#39;</span> <span class='ocrx_word' id='word_1_111' title='bbox 479 1599 585 1674; x_wconf 90' lang='lat' dir='ltr'>quibus</span> <span class='ocrx_word' id='word_1_112' title='bbox 605 1600 703 1658; x_wconf 89' lang='lat' dir='ltr'>uerbis</span> <span class='ocrx_word' id='word_1_113' title='bbox 723 1600 829 1658; x_wconf 90' lang='lat' dir='ltr'>inridet</span> <span class='ocrx_word' id='word_1_114' title='bbox 850 1598 1083 1674; x_wconf 79' lang='lat' dir='ltr'>magnificentius</span> <span class='ocrx_word' id='word_1_115' title='bbox 1103 1596 1289 1664; x_wconf 82' lang='lat' dir='ltr'>recitantem,</span> <span class='ocrx_word' id='word_1_116' title='bbox 1311 1592 1400 1650; x_wconf 75' lang='grc' dir='ltr'>παὺσα</span> 
     </span>
     <span class='ocr_line' id='line_1_14' title="bbox 248 1693 1399 1770; baseline -0.004 -16"><span class='ocrx_word' id='word_1_117' title='bbox 248 1721 281 1754; x_wconf 76' lang='grc' dir='ltr'>σε</span> <span class='ocrx_word' id='word_1_118' title='bbox 294 1698 377 1753; x_wconf 83' lang='grc' dir='ltr'>πόθου</span> <span class='ocrx_word' id='word_1_119' title='bbox 389 1697 437 1754; x_wconf 91' lang='lat' dir='ltr'>uel</span> <span class='ocrx_word' id='word_1_120' title='bbox 450 1697 557 1753; x_wconf 72' lang='grc' dir='ltr'>παύσειε</span> <span class='ocrx_word' id='word_1_121' title='bbox 570 1699 652 1754; x_wconf 83' lang='grc' dir='ltr'>πόθου</span> <span class='ocrx_word' id='word_1_122' title='bbox 666 1697 722 1756; x_wconf 92' lang='lat' dir='ltr'>hoc</span> <span class='ocrx_word' id='word_1_123' title='bbox 742 1717 830 1757; x_wconf 90' lang='lat' dir='ltr'>sensu</span> <span class='ocrx_word' id='word_1_124' title='bbox 851 1698 962 1757; x_wconf 90' lang='lat' dir='ltr'>dicetur</span> <span class='ocrx_word' id='word_1_125' title='bbox 977 1695 1103 1754; x_wconf 90' lang='lat' dir='ltr'>‘Mullus</span> <span class='ocrx_word' id='word_1_126' title='bbox 1117 1695 1241 1770; x_wconf 90' lang='lat' dir='ltr'>quidem</span> <span class='ocrx_word' id='word_1_127' title='bbox 1256 1693 1399 1752; x_wconf 86' lang='lat' dir='ltr'>Venerem</span> 
     </span>
     <span class='ocr_line' id='line_1_15' title="bbox 250 1791 1399 1872; baseline -0.002 -22"><span class='ocrx_word' id='word_1_128' title='bbox 250 1801 333 1852; x_wconf 82' lang='lat' dir='ltr'>‘non</span> <span class='ocrx_word' id='word_1_129' title='bbox 349 1794 485 1865; x_wconf 88' lang='lat' dir='ltr'>adiuuat;</span> <span class='ocrx_word' id='word_1_130' title='bbox 507 1796 639 1871; x_wconf 90' lang='lat' dir='ltr'>scorpius</span> <span class='ocrx_word' id='word_1_131' title='bbox 657 1813 728 1855; x_wconf 91' lang='lat' dir='ltr'>uero</span> <span class='ocrx_word' id='word_1_132' title='bbox 750 1797 873 1856; x_wconf 88' lang='lat' dir='ltr'>omnino</span> <span class='ocrx_word' id='word_1_133' title='bbox 894 1795 1116 1872; x_wconf 78' lang='lat' dir='ltr'>exstinguit-si</span> <span class='ocrx_word' id='word_1_134' title='bbox 1138 1793 1264 1870; x_wconf 86' lang='lat' dir='ltr'>quando</span> <span class='ocrx_word' id='word_1_135' title='bbox 1285 1791 1399 1849; x_wconf 88' lang='lat' dir='ltr'>eumin</span> 
     </span>
     <span class='ocr_line' id='line_1_16' title="bbox 249 1892 624 1954; baseline 0.011 -4"><span class='ocrx_word' id='word_1_136' title='bbox 249 1898 257 1924; x_wconf 92' lang='lat'>‘</span> <span class='ocrx_word' id='word_1_137' title='bbox 272 1892 341 1951; x_wconf 89' lang='lat' dir='ltr'>sede</span> <span class='ocrx_word' id='word_1_138' title='bbox 356 1892 467 1950; x_wconf 86' lang='lat' dir='ltr'>adulter</span> <span class='ocrx_word' id='word_1_139' title='bbox 480 1894 624 1954; x_wconf 88' lang='lat' dir='ltr'>senseris&#39;</span> 
     </span>
    </p>

    <p class='ocr_par' dir='ltr' id='par_1_3' title="bbox 250 1989 1399 2366">
     <span class='ocr_line' id='line_1_17' title="bbox 291 1989 1399 2069; baseline 0 -22"><span class='ocrx_word' id='word_1_140' title='bbox 291 1989 393 2049; x_wconf 89' lang='lat' dir='ltr'>Restat</span> <span class='ocrx_word' id='word_1_141' title='bbox 420 2000 519 2050; x_wconf 88' lang='lat' dir='ltr'>tamen</span> <span class='ocrx_word' id='word_1_142' title='bbox 547 1992 636 2051; x_wconf 89' lang='lat' dir='ltr'>altera</span> <span class='ocrx_word' id='word_1_143' title='bbox 663 1994 804 2069; x_wconf 86' lang='lat' dir='ltr'>quaestio,</span> <span class='ocrx_word' id='word_1_144' title='bbox 828 1993 1000 2068; x_wconf 88' lang='lat' dir='ltr'>scorpiones</span> <span class='ocrx_word' id='word_1_145' title='bbox 1026 1990 1165 2049; x_wconf 85' lang='lat' dir='ltr'>animalia</span> <span class='ocrx_word' id='word_1_146' title='bbox 1192 1989 1342 2049; x_wconf 86' lang='lat' dir='ltr'>terrestria</span> <span class='ocrx_word' id='word_1_147' title='bbox 1366 2006 1399 2047; x_wconf 85' lang='lat' dir='ltr'>aa</span> 
     </span>
     <span class='ocr_line' id='line_1_18' title="bbox 250 2087 1398 2166; baseline 0.001 -22"><span class='ocrx_word' id='word_1_148' title='bbox 250 2087 346 2163; x_wconf 90' lang='lat' dir='ltr'>pisces</span> <span class='ocrx_word' id='word_1_149' title='bbox 368 2088 575 2163; x_wconf 86' lang='lat' dir='ltr'>significentur.</span> <span class='ocrx_word' id='word_1_150' title='bbox 617 2089 655 2147; x_wconf 90' lang='lat' dir='ltr'>Et</span> <span class='ocrx_word' id='word_1_151' title='bbox 683 2091 713 2148; x_wconf 91' lang='lat' dir='ltr'>in</span> <span class='ocrx_word' id='word_1_152' title='bbox 741 2089 870 2149; x_wconf 86' lang='lat' dir='ltr'>Platonis</span> <span class='ocrx_word' id='word_1_153' title='bbox 898 2090 1016 2166; x_wconf 90' lang='lat' dir='ltr'>quidem</span> <span class='ocrx_word' id='word_1_154' title='bbox 1044 2106 1130 2147; x_wconf 89' lang='lat' dir='ltr'>uersu</span> <span class='ocrx_word' id='word_1_155' title='bbox 1158 2088 1276 2165; x_wconf 87' lang='lat' dir='ltr'>piscem</span> <span class='ocrx_word' id='word_1_156' title='bbox 1303 2088 1398 2146; x_wconf 87' lang='lat' dir='ltr'>saltem</span> 
     </span>
     <span class='ocr_line' id='line_1_19' title="bbox 250 2184 1398 2264; baseline 0.001 -21"><span class='ocrx_word' id='word_1_157' title='bbox 250 2185 386 2262; x_wconf 90' lang='lat' dir='ltr'>primario</span> <span class='ocrx_word' id='word_1_158' title='bbox 401 2185 468 2245; x_wconf 91' lang='lat' dir='ltr'>loco</span> <span class='ocrx_word' id='word_1_159' title='bbox 483 2187 639 2263; x_wconf 82' lang='lat' dir='ltr'>significari</span> <span class='ocrx_word' id='word_1_160' title='bbox 654 2206 774 2248; x_wconf 89' lang='lat' dir='ltr'>necesse</span> <span class='ocrx_word' id='word_1_161' title='bbox 789 2199 850 2261; x_wconf 88' lang='lat' dir='ltr'>est;</span> <span class='ocrx_word' id='word_1_162' title='bbox 873 2199 951 2248; x_wconf 90' lang='lat' dir='ltr'>totus</span> <span class='ocrx_word' id='word_1_163' title='bbox 966 2197 1011 2246; x_wconf 91' lang='lat' dir='ltr'>est</span> <span class='ocrx_word' id='word_1_164' title='bbox 1025 2188 1103 2246; x_wconf 89' lang='lat' dir='ltr'>enim</span> <span class='ocrx_word' id='word_1_165' title='bbox 1118 2184 1156 2246; x_wconf 89' lang='lat' dir='ltr'>de</span> <span class='ocrx_word' id='word_1_166' title='bbox 1171 2186 1316 2264; x_wconf 82' lang='lat' dir='ltr'>piscibus</span> <span class='ocrx_word' id='word_1_167' title='bbox 1358 2184 1398 2244; x_wconf 87' lang='lat' dir='ltr'>Sic</span> 
     </span>
     <span class='ocr_line' id='line_1_20' title="bbox 251 2282 1117 2366; baseline 0 -24"><span class='ocrx_word' id='word_1_168' title='bbox 251 2282 425 2345; x_wconf 90' lang='lat' dir='ltr'>Heniochus</span> <span class='ocrx_word' id='word_1_169' title='bbox 440 2285 470 2344; x_wconf 92' lang='lat' dir='ltr'>iu</span> <span class='ocrx_word' id='word_1_170' title='bbox 484 2285 719 2363; x_wconf 80' lang='lat' dir='ltr'>Polypragmone</span> <span class='ocrx_word' id='word_1_171' title='bbox 733 2287 765 2347; x_wconf 87' lang='lat' dir='ltr'>ir.</span> <span class='ocrx_word' id='word_1_172' title='bbox 780 2287 837 2346; x_wconf 90' lang='grc' dir='ltr'><strong>ΙΙΙ.</strong></span> <span class='ocrx_word' id='word_1_173' title='bbox 854 2286 957 2366; x_wconf 90' lang='lat' dir='ltr'>(Mein.</span> <span class='ocrx_word' id='word_1_174' title='bbox 974 2285 1028 2344; x_wconf 88' lang='lat' dir='ltr'><strong>III.</strong></span> <span class='ocrx_word' id='word_1_175' title='bbox 1045 2283 1117 2363; x_wconf 79' lang='lat'>561)</span> 
     </span>
    </p>
   </div>
   <div class='ocr_carea' id='block_1_3' title="bbox 535 2437 1160 2609">
    <p class='ocr_par' dir='ltr' id='par_1_4' title="bbox 535 2437 1160 2609">
     <span class='ocr_line' id='line_1_21' title="bbox 536 2437 1075 2512; baseline 0 -20"><span class='ocrx_word' id='word_1_176' title='bbox 536 2440 589 2511; x_wconf 82' lang='grc' dir='ltr'>ὁρῶ</span> <span class='ocrx_word' id='word_1_177' title='bbox 610 2438 638 2492; x_wconf 66' lang='grc' dir='ltr'>δὲ</span> <span class='ocrx_word' id='word_1_178' title='bbox 659 2438 732 2507; x_wconf 81' lang='grc' dir='ltr'>θαῦμ’</span> <span class='ocrx_word' id='word_1_179' title='bbox 752 2438 870 2511; x_wconf 70' lang='grc' dir='ltr'>ἄπιστον,</span> <span class='ocrx_word' id='word_1_180' title='bbox 892 2437 987 2512; x_wconf 73' lang='grc' dir='ltr'><strong><em>ἰχθύων</em></strong></span> <span class='ocrx_word' id='word_1_181' title='bbox 1006 2438 1075 2510; x_wconf 69' lang='grc' dir='ltr'><em>γένη,</em></span> 
     </span>
     <span class='ocr_line' id='line_1_22' title="bbox 535 2534 1160 2609; baseline 0.002 -18"><span class='ocrx_word' id='word_1_182' title='bbox 535 2538 594 2607; x_wconf 79' lang='grc' dir='ltr'>περὶ</span> <span class='ocrx_word' id='word_1_183' title='bbox 614 2536 660 2606; x_wconf 77' lang='grc' dir='ltr'>τὴν</span> <span class='ocrx_word' id='word_1_184' title='bbox 679 2535 758 2609; x_wconf 75' lang='grc' dir='ltr'>ἄκραν</span> <span class='ocrx_word' id='word_1_185' title='bbox 777 2535 897 2606; x_wconf 72' lang='grc' dir='ltr'>παίζοντα</span> <span class='ocrx_word' id='word_1_186' title='bbox 915 2534 1024 2603; x_wconf 77' lang='grc' dir='ltr'>κωβίουο</span> <span class='ocrx_word' id='word_1_187' title='bbox 1042 2537 1160 2605; x_wconf 72' lang='grc' dir='ltr'>σπάρους</span> 
     </span>
    </p>
   </div>
   <div class='ocr_carea' id='block_1_4' title="bbox 253 2755 1077 3119">
    <p class='ocr_par' dir='ltr' id='par_1_5' title="bbox 253 2755 1077 3119">
     <span class='ocr_line' id='line_1_23' title="bbox 536 2755 955 2827; baseline 0.014 -21"><span class='ocrx_word' id='word_1_188' title='bbox 536 2755 643 2826; x_wconf 77' lang='grc' dir='ltr'>τρίγλας</span> <span class='ocrx_word' id='word_1_189' title='bbox 663 2756 788 2812; x_wconf 70' lang='grc' dir='ltr'>ἑλεδώνας</span> <span class='ocrx_word' id='word_1_190' title='bbox 807 2755 955 2827; x_wconf 71' lang='grc' dir='ltr'>σκορπίους.</span> 
     </span>
     <span class='ocr_line' id='line_1_24' title="bbox 253 2893 1077 2973; baseline 0.005 -24"><span class='ocrx_word' id='word_1_191' title='bbox 253 2893 473 2953; x_wconf 88' lang='lat' dir='ltr'>lllnesimachus</span> <span class='ocrx_word' id='word_1_192' title='bbox 487 2895 517 2951; x_wconf 93' lang='lat' dir='ltr'>in</span> <span class='ocrx_word' id='word_1_193' title='bbox 532 2893 742 2971; x_wconf 87' lang='lat' dir='ltr'>Hippotropho</span> <span class='ocrx_word' id='word_1_194' title='bbox 759 2910 796 2969; x_wconf 88' lang='lat'>45</span> <span class='ocrx_word' id='word_1_195' title='bbox 812 2894 915 2973; x_wconf 89' lang='lat' dir='ltr'>(Mein.</span> <span class='ocrx_word' id='word_1_196' title='bbox 931 2895 988 2952; x_wconf 88' lang='lat'>111.</span> <span class='ocrx_word' id='word_1_197' title='bbox 1005 2893 1077 2970; x_wconf 81' lang='lat'>570)</span> 
     </span>
     <span class='ocr_line' id='line_1_25' title="bbox 537 3045 1037 3119; baseline 0.006 -19"><span class='ocrx_word' id='word_1_198' title='bbox 537 3047 658 3118; x_wconf 76' lang='grc' dir='ltr'>κεστρεὺς</span> <span class='ocrx_word' id='word_1_199' title='bbox 678 3045 800 3119; x_wconf 74' lang='grc' dir='ltr'>σκορπίος</span> <span class='ocrx_word' id='word_1_200' title='bbox 817 3048 926 3119; x_wconf 77' lang='grc' dir='ltr'>ἔγχελυς</span> <span class='ocrx_word' id='word_1_201' title='bbox 946 3047 1037 3119; x_wconf 69' lang='grc' dir='ltr'>ἄρκτος</span> 
     </span>
    </p>
   </div>
   <div class='ocr_carea' id='block_1_5' title="bbox 252 3184 1403 3654">
    <p class='ocr_par' dir='ltr' id='par_1_6' title="bbox 252 3184 1403 3654">
     <span class='ocr_line' id='line_1_26' title="bbox 253 3184 1402 3266; baseline 0.003 -23"><span class='ocrx_word' id='word_1_202' title='bbox 253 3184 289 3243; x_wconf 87' lang='lat' dir='ltr'>cf.</span> <span class='ocrx_word' id='word_1_203' title='bbox 313 3184 496 3242; x_wconf 81' lang='lat' dir='ltr'>Athenaeum</span> <span class='ocrx_word' id='word_1_204' title='bbox 518 3185 548 3240; x_wconf 91' lang='lat' dir='ltr'>in</span> <span class='ocrx_word' id='word_1_205' title='bbox 572 3204 638 3258; x_wconf 85' lang='lat'>313,</span> <span class='ocrx_word' id='word_1_206' title='bbox 662 3205 716 3261; x_wconf 80' lang='lat'>3²1</span> <span class='ocrx_word' id='word_1_207' title='bbox 741 3186 804 3244; x_wconf 91' lang='lat' dir='ltr'>libri</span> <span class='ocrx_word' id='word_1_208' title='bbox 826 3186 885 3243; x_wconf 93' lang='lat' dir='ltr'>VII</span> <span class='ocrx_word' id='word_1_209' title='bbox 911 3187 960 3263; x_wconf 90' lang='lat' dir='ltr'>qui</span> <span class='ocrx_word' id='word_1_210' title='bbox 983 3195 1060 3244; x_wconf 91' lang='lat' dir='ltr'>totus</span> <span class='ocrx_word' id='word_1_211' title='bbox 1082 3197 1126 3244; x_wconf 89' lang='lat' dir='ltr'>est</span> <span class='ocrx_word' id='word_1_212' title='bbox 1147 3187 1186 3246; x_wconf 91' lang='lat' dir='ltr'>de</span> <span class='ocrx_word' id='word_1_213' title='bbox 1209 3190 1343 3265; x_wconf 89' lang='lat' dir='ltr'>piscibus</span> <span class='ocrx_word' id='word_1_214' title='bbox 1362 3188 1402 3266; x_wconf 89' lang='lat' dir='ltr'>qui</span> 
     </span>
     <span class='ocr_line' id='line_1_27' title="bbox 253 3281 1402 3362; baseline 0.005 -23"><span class='ocrx_word' id='word_1_215' title='bbox 253 3282 452 3340; x_wconf 90' lang='lat' dir='ltr'>comeduntur.</span> <span class='ocrx_word' id='word_1_216' title='bbox 495 3281 611 3339; x_wconf 89' lang='lat' dir='ltr'>Eodem</span> <span class='ocrx_word' id='word_1_217' title='bbox 633 3284 725 3341; x_wconf 90' lang='lat' dir='ltr'>modo</span> <span class='ocrx_word' id='word_1_218' title='bbox 748 3285 872 3360; x_wconf 81' lang='lat' dir='ltr'>mugiles</span> <span class='ocrx_word' id='word_1_219' title='bbox 893 3285 924 3341; x_wconf 92' lang='lat' dir='ltr'>in</span> <span class='ocrx_word' id='word_1_220' title='bbox 946 3284 1143 3342; x_wconf 90' lang='lat' dir='ltr'>adulterorum</span> <span class='ocrx_word' id='word_1_221' title='bbox 1165 3305 1268 3362; x_wconf 88' lang='lat' dir='ltr'>poena</span> <span class='ocrx_word' id='word_1_222' title='bbox 1290 3290 1402 3348; x_wconf 83' lang='lat' dir='ltr'>usitatos</span> 
     </span>
     <span class='ocr_line' id='line_1_28' title="bbox 252 3378 1403 3460; baseline 0.005 -24"><span class='ocrx_word' id='word_1_223' title='bbox 252 3379 340 3438; x_wconf 89' lang='lat' dir='ltr'>fuisse</span> <span class='ocrx_word' id='word_1_224' title='bbox 356 3399 391 3438; x_wconf 88' lang='lat' dir='ltr'>ex</span> <span class='ocrx_word' id='word_1_225' title='bbox 407 3378 545 3437; x_wconf 89' lang='lat' dir='ltr'>quenale</span> <span class='ocrx_word' id='word_1_226' title='bbox 561 3390 663 3438; x_wconf 90' lang='lat' dir='ltr'>notum</span> <span class='ocrx_word' id='word_1_227' title='bbox 678 3381 714 3438; x_wconf 91' lang='lat' dir='ltr'>X.</span> <span class='ocrx_word' id='word_1_228' title='bbox 732 3397 789 3455; x_wconf 84' lang='lat'>317</span> <span class='ocrx_word' id='word_1_229' title='bbox 805 3382 935 3456; x_wconf 82' lang='lat' dir='ltr'>quosdam</span> <span class='ocrx_word' id='word_1_230' title='bbox 951 3382 1104 3438; x_wconf 74' lang='lat' dir='ltr'>moechare!</span> <span class='ocrx_word' id='word_1_231' title='bbox 1115 3386 1236 3460; x_wconf 69' lang='lat' dir='ltr'>magilis</span> <span class='ocrx_word' id='word_1_232' title='bbox 1250 3385 1403 3455; x_wconf 77' lang='lat' dir='ltr'>r&#39;nlrat,ubi</span> 
     </span>
     <span class='ocr_line' id='line_1_29' title="bbox 254 3476 1402 3560; baseline 0.003 -23"><span class='ocrx_word' id='word_1_233' title='bbox 254 3477 417 3537; x_wconf 86' lang='lat' dir='ltr'>Scholiasta</span> <span class='ocrx_word' id='word_1_234' title='bbox 429 3476 556 3553; x_wconf 67' lang='lat' dir='ltr'>Mugilla</span> <span class='ocrx_word' id='word_1_235' title='bbox 564 3480 651 3553; x_wconf 70' lang='lat' dir='ltr'>piscis</span> <span class='ocrx_word' id='word_1_236' title='bbox 661 3481 773 3555; x_wconf 78' lang='lat' dir='ltr'>grandi</span> <span class='ocrx_word' id='word_1_237' title='bbox 785 3481 883 3554; x_wconf 69' lang='lat' dir='ltr'>caprio,</span> <span class='ocrx_word' id='word_1_238' title='bbox 894 3488 1047 3554; x_wconf 79' lang='lat' dir='ltr'>postremas</span> <span class='ocrx_word' id='word_1_239' title='bbox 1060 3482 1156 3550; x_wconf 84' lang='lat' dir='ltr'>exr&#39;lr&#39;r,</span> <span class='ocrx_word' id='word_1_240' title='bbox 1172 3486 1225 3556; x_wconf 80' lang='lat' dir='ltr'>qui</span> <span class='ocrx_word' id='word_1_241' title='bbox 1240 3486 1276 3541; x_wconf 87' lang='lat' dir='ltr'>r&#39;n</span> <span class='ocrx_word' id='word_1_242' title='bbox 1291 3486 1402 3560; x_wconf 67' lang='lat' dir='ltr'>padr&#39;cm</span> 
     </span>
     <span class='ocr_line' id='line_1_30' title="bbox 252 3578 1203 3654; baseline 0.002 -20"><span class='ocrx_word' id='word_1_243' title='bbox 252 3579 420 3635; x_wconf 78' lang='lat' dir='ltr'>moechorum</span> <span class='ocrx_word' id='word_1_244' title='bbox 435 3578 627 3652; x_wconf 74' lang='lat' dir='ltr'>deprensarum</span> <span class='ocrx_word' id='word_1_245' title='bbox 640 3579 742 3636; x_wconf 81' lang='lat' dir='ltr'>solebat</span> <span class='ocrx_word' id='word_1_246' title='bbox 753 3580 874 3650; x_wconf 79' lang='lat' dir='ltr'>zinmr&#39;llr&#39;,</span> <span class='ocrx_word' id='word_1_247' title='bbox 891 3578 927 3637; x_wconf 82' lang='lat' dir='ltr'>ci.</span> <span class='ocrx_word' id='word_1_248' title='bbox 942 3578 1004 3637; x_wconf 88' lang='lat' dir='ltr'>Cat.</span> <span class='ocrx_word' id='word_1_249' title='bbox 1020 3578 1085 3636; x_wconf 90' lang='lat' dir='ltr'>XV.</span> <span class='ocrx_word' id='word_1_250' title='bbox 1105 3582 1149 3649; x_wconf 90' lang='lat'>18,</span> <span class='ocrx_word' id='word_1_251' title='bbox 1165 3598 1203 3654; x_wconf 91' lang='lat'>19</span> 
     </span>
    </p>
   </div>
   <div class='ocr_carea' id='block_1_6' title="bbox 416 3726 1155 3905">
    <p class='ocr_par' dir='ltr' id='par_1_7' title="bbox 416 3726 1155 3905">
     <span class='ocr_line' id='line_1_31' title="bbox 416 3726 1155 3804; baseline 0.003 -20"><span class='ocrx_word' id='word_1_252' title='bbox 416 3726 526 3797; x_wconf 91' lang='lat' dir='ltr'>Quem</span> <span class='ocrx_word' id='word_1_253' title='bbox 547 3728 704 3786; x_wconf 88' lang='lat' dir='ltr'>attractis</span> <span class='ocrx_word' id='word_1_254' title='bbox 725 3728 872 3803; x_wconf 91' lang='lat' dir='ltr'>pedibus</span> <span class='ocrx_word' id='word_1_255' title='bbox 893 3737 1033 3804; x_wconf 89' lang='lat' dir='ltr'>patente</span> <span class='ocrx_word' id='word_1_256' title='bbox 1055 3738 1155 3802; x_wconf 89' lang='lat' dir='ltr'>porta</span> 
     </span>
     <span class='ocr_line' id='line_1_32' title="bbox 417 3824 1091 3905; baseline 0.006 -24"><span class='ocrx_word' id='word_1_257' title='bbox 417 3824 619 3884; x_wconf 88' lang='lat' dir='ltr'>Percurrent</span> <span class='ocrx_word' id='word_1_258' title='bbox 641 3826 852 3905; x_wconf 89' lang='lat' dir='ltr'>raphanique</span> <span class='ocrx_word' id='word_1_259' title='bbox 873 3825 1091 3902; x_wconf 85' lang='lat' dir='ltr'>mugilesque</span> 
     </span>
    </p>
   </div>
   <div class='ocr_carea' id='block_1_7' title="bbox 253 3972 1404 4548">
    <p class='ocr_par' dir='ltr' id='par_1_8' title="bbox 253 3972 1404 4548">
     <span class='ocr_line' id='line_1_33' title="bbox 255 3972 1403 4050; baseline 0.005 -21"><span class='ocrx_word' id='word_1_260' title='bbox 255 3972 391 4048; x_wconf 89' lang='lat' dir='ltr'>Scorpius</span> <span class='ocrx_word' id='word_1_261' title='bbox 415 3973 462 4031; x_wconf 94' lang='lat' dir='ltr'>uel</span> <span class='ocrx_word' id='word_1_262' title='bbox 485 3974 607 4049; x_wconf 90' lang='lat' dir='ltr'>Scorpio</span> <span class='ocrx_word' id='word_1_263' title='bbox 629 3975 717 4050; x_wconf 90' lang='lat' dir='ltr'>piscis</span> <span class='ocrx_word' id='word_1_264' title='bbox 739 3976 884 4033; x_wconf 91' lang='lat' dir='ltr'>inuenitur</span> <span class='ocrx_word' id='word_1_265' title='bbox 905 3975 992 4033; x_wconf 89' lang='lat' dir='ltr'>etiam</span> <span class='ocrx_word' id='word_1_266' title='bbox 1014 3975 1093 4050; x_wconf 91' lang='lat' dir='ltr'>apud</span> <span class='ocrx_word' id='word_1_267' title='bbox 1115 3974 1262 4036; x_wconf 89' lang='lat' dir='ltr'>Ouidium</span> <span class='ocrx_word' id='word_1_268' title='bbox 1287 3979 1403 4039; x_wconf 85' lang='lat' dir='ltr'>Halieut</span> 
     </span>
     <span class='ocr_line' id='line_1_34' title="bbox 258 4069 1402 4150; baseline 0.005 -24"><span class='ocrx_word' id='word_1_269' title='bbox 258 4072 314 4127; x_wconf 90' lang='lat'>116</span> <span class='ocrx_word' id='word_1_270' title='bbox 340 4070 384 4128; x_wconf 84' lang='lat' dir='ltr'>Er</span> <span class='ocrx_word' id='word_1_271' title='bbox 408 4073 505 4146; x_wconf 76' lang='lat' dir='ltr'>caprir&#39;s</span> <span class='ocrx_word' id='word_1_272' title='bbox 529 4072 599 4129; x_wconf 84' lang='lat' dir='ltr'>duro</span> <span class='ocrx_word' id='word_1_273' title='bbox 620 4075 761 4130; x_wconf 66' lang='lat' dir='ltr'>uacaturus</span> <span class='ocrx_word' id='word_1_274' title='bbox 789 4069 917 4146; x_wconf 75' lang='lat' dir='ltr'>Scorpios</span> <span class='ocrx_word' id='word_1_275' title='bbox 945 4075 1002 4130; x_wconf 82' lang='lat' dir='ltr'>a&#39;clu</span> <span class='ocrx_word' id='word_1_276' title='bbox 1025 4072 1098 4129; x_wconf 81' lang='lat' dir='ltr'>Plin.</span> <span class='ocrx_word' id='word_1_277' title='bbox 1124 4073 1164 4131; x_wconf 88' lang='lat' dir='ltr'>H.</span> <span class='ocrx_word' id='word_1_278' title='bbox 1189 4074 1230 4132; x_wconf 90' lang='lat' dir='ltr'>N.</span> <span class='ocrx_word' id='word_1_279' title='bbox 1255 4075 1327 4137; x_wconf 89' lang='lat' dir='ltr'>XX.</span> <span class='ocrx_word' id='word_1_280' title='bbox 1350 4091 1402 4150; x_wconf 85' lang='lat'>150,</span> 
     </span>
     <span class='ocr_line' id='line_1_35' title="bbox 254 4167 1403 4244; baseline 0.008 -19"><span class='ocrx_word' id='word_1_281' title='bbox 254 4167 381 4226; x_wconf 84' lang='lat' dir='ltr'>XXXII.</span> <span class='ocrx_word' id='word_1_282' title='bbox 399 4189 446 4239; x_wconf 85' lang='lat'>44,</span> <span class='ocrx_word' id='word_1_283' title='bbox 462 4168 510 4240; x_wconf 85' lang='lat'>67,</span> <span class='ocrx_word' id='word_1_284' title='bbox 527 4179 574 4240; x_wconf 85' lang='lat'>70,</span> <span class='ocrx_word' id='word_1_285' title='bbox 590 4187 638 4244; x_wconf 85' lang='lat'>94,</span> <span class='ocrx_word' id='word_1_286' title='bbox 655 4189 721 4239; x_wconf 88' lang='lat'>102,</span> <span class='ocrx_word' id='word_1_287' title='bbox 740 4184 805 4244; x_wconf 83' lang='lat'>127,</span> <span class='ocrx_word' id='word_1_288' title='bbox 824 4174 890 4240; x_wconf 84' lang='lat'>128,</span> <span class='ocrx_word' id='word_1_289' title='bbox 910 4185 963 4244; x_wconf 87' lang='lat'>151</span> <span class='ocrx_word' id='word_1_290' title='bbox 981 4170 1031 4229; x_wconf 92' lang='lat' dir='ltr'>ubi</span> <span class='ocrx_word' id='word_1_291' title='bbox 1045 4187 1115 4229; x_wconf 91' lang='lat' dir='ltr'>usus</span> <span class='ocrx_word' id='word_1_292' title='bbox 1129 4171 1192 4229; x_wconf 86' lang='lat' dir='ltr'>eius</span> <span class='ocrx_word' id='word_1_293' title='bbox 1214 4173 1246 4229; x_wconf 92' lang='lat' dir='ltr'>in</span> <span class='ocrx_word' id='word_1_294' title='bbox 1268 4175 1403 4236; x_wconf 80' lang='lat' dir='ltr'>medicina</span> 
     </span>
     <span class='ocr_line' id='line_1_36' title="bbox 255 4262 1403 4342; baseline 0.003 -18"><span class='ocrx_word' id='word_1_295' title='bbox 255 4266 397 4333; x_wconf 91' lang='lat' dir='ltr'>dicuntur,</span> <span class='ocrx_word' id='word_1_296' title='bbox 419 4262 539 4323; x_wconf 85' lang='lat' dir='ltr'>sortasse</span> <span class='ocrx_word' id='word_1_297' title='bbox 562 4267 648 4325; x_wconf 92' lang='lat' dir='ltr'>etiam</span> <span class='ocrx_word' id='word_1_298' title='bbox 670 4267 814 4326; x_wconf 88' lang='lat' dir='ltr'>Catonem</span> <span class='ocrx_word' id='word_1_299' title='bbox 835 4267 871 4326; x_wconf 92' lang='lat' dir='ltr'>R.</span> <span class='ocrx_word' id='word_1_300' title='bbox 887 4268 923 4326; x_wconf 92' lang='lat' dir='ltr'>R.</span> <span class='ocrx_word' id='word_1_301' title='bbox 943 4271 999 4342; x_wconf 91' lang='lat'>158</span> <span class='ocrx_word' id='word_1_302' title='bbox 1020 4288 1048 4325; x_wconf 82' lang='lat' dir='ltr'>eo</span> <span class='ocrx_word' id='word_1_303' title='bbox 1068 4269 1162 4326; x_wconf 78' lang='lat' dir='ltr'>oddrlo</span> <span class='ocrx_word' id='word_1_304' title='bbox 1184 4269 1334 4331; x_wconf 77' lang='lat' dir='ltr'>brassicae</span> <span class='ocrx_word' id='word_1_305' title='bbox 1350 4272 1403 4331; x_wconf 84' lang='lat' dir='ltr'>cali·</span> 
     </span>
     <span class='ocr_line' id='line_1_37' title="bbox 253 4359 1404 4442; baseline 0.007 -22"><span class='ocrx_word' id='word_1_306' title='bbox 253 4363 328 4420; x_wconf 87' lang='lat' dir='ltr'>culos</span> <span class='ocrx_word' id='word_1_307' title='bbox 342 4359 385 4417; x_wconf 92' lang='lat' dir='ltr'>II</span> <span class='ocrx_word' id='word_1_308' title='bbox 391 4403 414 4419; x_wconf 87' lang='lat'>..</span> <span class='ocrx_word' id='word_1_309' title='bbox 431 4365 635 4422; x_wconf 81' lang='lat' dir='ltr'>..mutulorum</span> <span class='ocrx_word' id='word_1_310' title='bbox 649 4364 687 4425; x_wconf 86' lang='lat' dir='ltr'>L.</span> <span class='ocrx_word' id='word_1_311' title='bbox 705 4367 1019 4441; x_wconf 81' lang='lat' dir='ltr'>11,pz&#39;scemcap1&#39;tonarrr</span> <span class='ocrx_word' id='word_1_312' title='bbox 1033 4369 1239 4442; x_wconf 66' lang='grc' dir='ltr'>απογραπηα</span> <span class='ocrx_word' id='word_1_313' title='bbox 1256 4369 1287 4442; x_wconf 94' lang='lat' dir='ltr'>I,</span> <span class='ocrx_word' id='word_1_314' title='bbox 1298 4373 1404 4432; x_wconf 75' lang='lat' dir='ltr'>cochleas</span> 
     </span>
     <span class='ocr_line' id='line_1_38' title="bbox 263 4455 1401 4548; baseline 0.011 -33"><span class='ocrx_word' id='word_1_315' title='bbox 263 4455 309 4515; x_wconf 90' lang='lat' dir='ltr'>VI</span> <span class='ocrx_word' id='word_1_316' title='bbox 313 4465 339 4516; x_wconf 83' lang='lat' dir='ltr'>el</span> <span class='ocrx_word' id='word_1_317' title='bbox 350 4458 430 4518; x_wconf 69' lang='lat' dir='ltr'>hatra</span> <span class='ocrx_word' id='word_1_318' title='bbox 436 4462 590 4538; x_wconf 67' lang='lat' dir='ltr'>pagellam.</span> <span class='ocrx_word' id='word_1_319' title='bbox 614 4462 670 4521; x_wconf 91' lang='lat' dir='ltr'>His</span> <span class='ocrx_word' id='word_1_320' title='bbox 681 4462 793 4522; x_wconf 90' lang='lat' dir='ltr'>indiciis</span> <span class='ocrx_word' id='word_1_321' title='bbox 804 4462 894 4521; x_wconf 88' lang='lat' dir='ltr'>lretus</span> <span class='ocrx_word' id='word_1_322' title='bbox 906 4464 1087 4523; x_wconf 88' lang='lat' dir='ltr'>credideram</span> <span class='ocrx_word' id='word_1_323' title='bbox 1098 4465 1212 4542; x_wconf 86' lang='lat' dir='ltr'>piscem</span> <span class='ocrx_word' id='word_1_324' title='bbox 1224 4474 1401 4548; x_wconf 76' lang='lat' dir='ltr'>scorpionem</span> 
     </span>
    </p>
   </div>
   <div class='ocr_carea' id='block_1_8' title="bbox 0 0 1451 5002">
    <p class='ocr_par' dir='ltr' id='par_1_9' title="bbox 0 0 1451 5002">
     <span class='ocr_line' id='line_1_39' title="bbox 0 0 1451 5002; baseline 0 0"><span class='ocrx_word' id='word_1_325' title='bbox 0 0 1451 5002; x_wconf 95' lang='lat' dir='ltr'> </span> 
     </span>
    </p>
   </div>
  </div>
 </body>
</html>
