2872 5002
630 364 686 424 DE
715 366 976 427 PARTITIONE
995 368 999 374 ’

392 528 436 588 Ex
459 530 503 611 liis
521 530 620 589 LXIX
642 532 724 591 XCI
749 533 778 590 X
791 533 819 590 V
835 534 908 591 duas
930 534 1040 592 habent
1056 543 1153 609 partes
1174 545 1391 610 quaternorum

392 648 529 688 uersuum
547 632 652 707 quibus
672 633 851 690 subnectitur
866 631 1020 690 distichon.
1063 632 1223 690 Diuersum
1239 633 1292 703 CI,
1311 633 1391 710 quod

392 727 422 784 in
437 728 509 786 duas
523 741 619 805 partes
634 730 685 788 sed
700 730 867 805 inaequales
882 729 1029 787 scinditur.
1062 728 1108 785 Ibi
1122 730 1206 804 quod
1221 730 1390 790 Lachman-

392 845 464 883 num
479 846 539 886 non
559 847 665 905 sequor
679 847 727 887 uu.
743 843 770 901 5,
787 832 804 886 6
821 847 888 886 cum
907 847 962 899 1-4
975 830 1158 903 jungentem,
1175 828 1254 887 Ciris
1274 840 1390 888 secutus

394 927 565 1001 scriptorem
586 928 678 1003 iungo
700 946 766 986 curn
787 941 874 1002 7-10,
890 927 920 985 id
942 924 1172 1006 lacio(1)quod
1197 927 1276 986 lacta
1298 946 1389 1005 pausa

393 1036 462 1100 post
475 1026 592 1082 cr'rrereru
607 1024 647 1103 (u.
664 1023 695 1101 4)
710 1036 831 1101 augetur
851 1025 1007 1094 miserati0,
1023 1034 1124 1082 contra
1146 1025 1169 1082 si
1189 1024 1221 1082 in
1241 1026 1388 1084 uocabulo

393 1122 467 1178 mr'lu'
474 1122 614 1181 clauditur
624 1124 775 1192 sententia,
786 1141 847 1181 non
862 1131 922 1180 tam
933 1124 1076 1191 aelmaer
1086 1123 1158 1181 dixit
1168 1122 1304 1181 Catullus
1320 1124 1387 1182 dum

394 1218 517 1294 legentis
532 1221 661 1279 animum
676 1239 693 1278 a
709 1220 794 1278 sratre
813 1229 984 1279 reuocatum
999 1220 1028 1277 in
1044 1238 1075 1278 se
1091 1221 1156 1295 ipso
1174 1221 1257 1278 iubet
1272 1221 1386 1278 morari.

394 1314 438 1394 (a)
452 1317 498 1375 Ex
518 1317 642 1377 aduerso
663 1328 739 1378 stant
757 1317 980 1392 Quandoquidem
983 1317 1110 1395 fortuna
1125 1318 1201 1373 ruiti
1211 1325 1261 1375 tete
1275 1319 1391 1375 abstulit

393 1416 483 1489 ipsum
498 1426 526 1474 et
540 1414 629 1473 Nunc
647 1427 745 1475 tamen
765 1417 831 1473 haec
846 1415 876 1472 h.
890 1433 915 1472 e.
931 1414 1071 1490 quoniam
1086 1415 1183 1490 ipsum
1198 1426 1227 1474 te
1248 1417 1308 1474 iam
1329 1434 1388 1475 non

394 1513 459 1572 lieet
473 1514 587 1590 alloqui,
603 1527 635 1573 tu
656 1518 764 1574 interea
782 1514 881 1590 accipe
904 1531 979 1589 quae
1001 1514 1122 1571 mortuis
1140 1524 1240 1572 tamen
1263 1515 1387 1590 placent.

395 1609 441 1687 (3)
461 1612 528 1671 Heu
552 1616 636 1673 maier
656 1616 769 1693 rudrgrna
779 1615 882 1689 frater
901 1613 1022 1688 adempte
1046 1612 1120 1669 mihi
1136 1623 1167 1671 ut
1190 1615 1221 1670 in
1245 1612 1385 1672 LXVIII.

398 1728 443 1779 πο,
459 1719 487 1768 et
503 1710 642 1770 LXVIII.
660 1709 725 1790 (92)
741 1713 770 1770 in
790 1713 872 1770 initio
894 1711 1055 1769 sententiae
1074 1711 1201 1785 ponitur,
1219 1711 1261 1769 sic
1283 1730 1322 1769 ne
1343 1710 1387 1768 hic

394 1807 513 1881 quidem
542 1809 648 1868 claudit
676 1810 851 1869 sententiam
872 1806 918 1885 (4)
930 1808 1037 1883 srater
1057 1825 1142 1865 suum
1168 1809 1269 1866 locum
1291 1818 1386 1879 tenet;

396 1913 438 1962 ter
450 1906 530 1963 enirn
545 1906 654 1983 legitur,
670 1908 776 1966 eodem
791 1924 907 1982 semper
920 1905 1074 1963 interuallo
1089 1915 1227 1981 quattuor
1241 1924 1388 1977 uersuum,

395 2004 501 2062 eodem
521 2017 549 2064 et
564 2025 665 2066 uersus
683 2008 749 2066 loco
764 2017 793 2065 et
808 2006 969 2065 sententiae
978 2026 986 2078 ;
1012 2023 1080 2063 nam
1098 2005 1260 2064 secundam
1275 2016 1388 2083 partem

395 2104 567 2179 pentametri
587 2124 703 2181 semper
721 2106 830 2181 incipit,
845 2114 1026 2181 pentameter
1047 2115 1145 2162 autem
1160 2103 1222 2180 ipse
1244 2106 1390 2163 secundus

395 2212 440 2260 est
461 2205 636 2276 sententiae3
673 2225 687 2262 a
709 2204 837 2261 Adueur'a
861 2204 914 2261 has
935 2205 1062 2269 retuleras,
1084 2201 1177 2273 lrater,
1200 2203 1242 2259 ad
1260 2204 1388 2280 infertur,

397 2303 415 2357 6
432 2300 500 2358 Heu
520 2303 605 2359 muter
626 2303 741 2378 rudrgne
760 2302 846 2360 lrater
866 2303 985 2377 adempte
1005 2301 1084 2371 rur'lrt,
1110 2319 1147 2359 ιο
1161 2300 1255 2375 Atque
1276 2304 1308 2358 r'n
1326 2313 1389 2377 per·

390 2406 513 2474 petuam,
529 2399 622 2472 trater,
637 2421 689 2458 aue
708 2408 788 2477 atque
801 2402 871 2460 uate.
914 2400 1098 2475 Repetuntur
1112 2400 1200 2457 etiam
1222 2400 1306 2467 haec,
1324 2399 1395 2458 aad

395 2499 525 2577 insertas,
548 2504 564 2557 8
587 2501 627 2557 ad
644 2501 773 2578 u'rfirras,
796 2519 813 2573 3
835 2517 954 2569 munere,
978 2501 995 2556 8
1018 2516 1134 2556 munere.
1188 2497 1222 2557 C.
1245 2496 1391 2555 LXXVII

396 2597 472 2656 adeo
487 2598 615 2656 abundat
629 2598 848 2674 repetitionibus
869 2606 900 2655 ut
914 2596 992 2655 baud
1008 2596 1098 2655 sciam
1118 2614 1156 2654 an
1170 2614 1233 2654 non
1251 2597 1391 2655 audacius

399 2694 496 2753 lecerit
522 2695 651 2771 Scaliger
677 2696 727 2771 qui
749 2712 816 2755 cum
838 2712 875 2752 eo
905 2694 1087 2753 conlunxerit
1108 2711 1211 2752 uersus
1235 2692 1297 2752 Sed
1320 2715 1392 2751 nuuc

399 2795 430 2849 rit
449 2795 519 2850 doleo
530 2796 659 2872 -sama
681 2795 805 2868 loquetur
828 2812 901 2849 unus
922 2795 970 2867 qui
1000 2791 1070 2849 nihil
1097 2791 1206 2850 habent
1227 2795 1391 2869 repetitum.

404 2912 414 2948 r
440 2891 576 2964 Frustra,
609 2914 622 2950 2
635 2896 768 2970 frustra,
795 2912 811 2963 4
835 2892 970 2966 eripuisti,
1002 2889 1194 2966 5Err'puritr',
1225 2907 1242 2964 5
1266 2893 1318 2949 heu
1344 2891 1392 2948 treu

399 2996 515 3059 nostrae,
537 2991 554 3046 6
576 2991 628 3047 heu
649 2992 700 3047 lucu
720 2996 838 3048 nostrae.
881 2989 1028 3047 Coniunrri
1051 2999 1151 3046 tamen
1171 2999 1203 3046 ut
1225 2990 1330 3048 melius
1352 2991 1391 3048 sic

399 3089 512 3162 positos
538 3107 625 3163 quam
652 3091 681 3147 in
709 3089 768 3147 ullo
797 3088 862 3147 loco
889 3107 924 3146 ex
950 3087 1094 3163 aliisquo
1119 3087 1211 3144 tralati
1238 3099 1315 3146 sunt.
1358 3089 1391 3146 Iu

400 3186 549 3244 codicibus
571 3197 707 3244 secuntur
725 3185 892 3244 LXXVIII.
911 3188 928 3243 6
950 3203 1044 3262 eoque
1065 3204 1157 3261 nuper
1176 3204 1193 3242 a
1209 3186 1390 3264 IVestplralio

401 3293 468 3341 sunt
493 3285 627 3343 reuocati.
686 3284 744 3343 Sed
766 3304 783 3342 a
804 3285 887 3343 tertia
912 3301 1037 3358 persona
1058 3301 1133 3358 quae
1155 3284 1185 3341 in
1211 3303 1390 3362 unoquoque

402 3381 525 3440 disticho
551 3383 654 3458 legitur
678 3403 690 3442 1
719 3382 823 3442 Gallus
844 3382 1058 3458 labetsratres,
1089 3402 1106 3457 3
1131 3379 1236 3440 Gallus
1257 3384 1336 3441 homo
1356 3390 1394 3440 est

402 3481 493 3552 bellus,
517 3495 533 3553 5
553 3480 656 3539 Gallus
671 3482 748 3538 boma
768 3488 808 3538 est
826 3483 927 3538 stultus
949 3481 1035 3538 nimis
1056 3481 1177 3556 abrupte
1199 3483 1335 3540 transitur
1356 3482 1391 3540 ad

402 3581 560 3638 secundam
576 3579 634 3638 Sed
652 3600 724 3637 nuuc
746 3581 779 3635 r'a'
795 3580 866 3636 doleo
887 3579 960 3653 quod
971 3589 1062 3653 purae
1077 3589 1153 3654 pura
1171 3579 1280 3653 puellae
1302 3579 1391 3638 Saur'a

401 3681 560 3736 courru'uxr't
570 3691 673 3754 spurca
688 3680 781 3736 salzica
795 3684 852 3735 tua.
897 3677 962 3735 Nec
978 3679 1055 3734 bene
1076 3687 1142 3752 post
1156 3675 1357 3737 LXXXVIII.
1374 3682 1389 3735 8

403 3778 597 3836 collocantur:
630 3779 718 3836 totius
742 3778 820 3834 enim
844 3775 1064 3852 epigrammatis
1089 3775 1161 3850 perit
1186 3794 1314 3835 acumen
1339 3778 1390 3834 nisi

402 3876 432 3932 in
446 3876 547 3933 ultimo
563 3895 648 3933 uersu
665 3876 777 3951 legatur
797 3876 826 3933 id
846 3875 927 3950 quod
943 3875 1074 3933 uIIImum
1094 3884 1138 3932 est
1152 3873 1221 3932 Nou
1239 3878 1270 3932 sr'
1281 3877 1390 3932 demerso

403 3995 430 4030 re
447 3976 503 4049 ipre
523 3982 600 4030 uarat
618 3977 727 4047 capita·
757 3974 836 4051 quod
859 3974 936 4031 idem
959 3974 1036 4031 cadit
1057 3973 1088 4030 in
1104 3971 1248 4031 XCVIII.
1266 3976 1283 4030 6
1306 3991 1389 4051 quern

403 4092 519 4130 uersum
547 4073 703 4151 aliquando
732 4087 864 4150 putaram
894 4092 962 4130 cum
985 4072 1029 4130 his
1054 4072 1295 4146 coniungendum
1321 4091 1389 4130 esse.

405 4170 474 4229 Post
490 4170 569 4228 XCI.
590 4191 625 4229 10
647 4190 699 4230 eos
720 4172 818 4246 posuit
836 4170 1021 4230 Conradinus
1043 4171 1079 4228 de
1101 4169 1197 4239 Allio;
1227 4188 1290 4228 non
1311 4170 1389 4237 male,

405 4268 456 4327 sed
477 4288 514 4327 ne
539 4269 585 4329 hic
608 4270 726 4348 quidem
748 4271 816 4328 satis
837 4268 1032 4345 probabiliter,
1048 4287 1096 4326 me
1118 4268 1221 4326 iudice.
1268 4267 1390 4327 Carmen

405 4365 483 4425 enim
503 4368 527 4426 si
546 4367 582 4427 de
597 4369 702 4427 eodem
718 4367 813 4426 Gellio
834 4378 877 4427 est
896 4368 979 4426 cuius
993 4367 1072 4425 labra
1091 4366 1279 4442 spurcissima
1293 4366 1349 4424 iam
1363 4367 1389 4423 in

405 4481 429 4522 e.
445 4462 558 4522 LXXX
573 4475 673 4526 notata
688 4476 762 4538 sunt,
778 4465 880 4524 melius
895 4465 983 4524 finem
998 4465 1075 4543 capit
1089 4465 1119 4522 in
1135 4463 1262 4524 disticho
1277 4482 1331 4524 suo
