2872 5002
457 364 705 430 CARMEN
737 362 834 426 XXI.

284 554 363 618 Non
385 553 502 618 harum
525 553 635 630 modo,
657 553 716 615 sed
739 558 821 633 quot
842 557 901 612 aut
923 545 1055 610 fuerunt

284 665 357 730 Aut
380 674 458 730 sunt
479 674 538 730 aut
559 665 632 729 aliis
653 672 749 727 erunt
770 663 804 726 in
826 660 930 737 annis,

286 819 442 884 Pedicare
464 819 557 902 cupis
579 839 671 883 meos
694 837 833 881 amores.
903 846 906 858 ·

285 931 358 995 Nec
380 931 488 996 clam:
511 951 588 994 nam
611 929 709 994 simul
732 949 775 1006 es,
798 926 915 991 iocaris
937 943 1010 1002 una,

242 1041 394 1107 Haerens
416 1043 460 1106 ad
480 1042 566 1106 latus
588 1042 700 1106 omnia
722 1038 895 1122 experiris.

94 1200 115 1258 B
242 1197 394 1262 Frustra:
418 1218 495 1261 nam
518 1196 652 1260 insidias
674 1196 755 1258 mihi
778 1195 994 1260 instruentem

283 1308 436 1392 Tangam
458 1317 492 1372 te
514 1310 602 1391 prior
623 1307 844 1371 irrumatione.

91 1459 155 1537 Αβ
244 1459 359 1543 Atque
382 1461 416 1524 id
439 1461 465 1524 si
488 1460 612 1526 iaceres
634 1470 733 1539 satur,
755 1469 918 1524 tacerem:

283 1572 381 1635 Nunc
405 1573 514 1654 ipsum
538 1574 571 1636 id
595 1573 702 1650 doleo,
724 1572 814 1654 quod
837 1569 959 1635 esurire

286 1682 435 1746 Mellitos
456 1705 537 1768 puer
559 1693 594 1748 et
615 1683 705 1747 sitire
728 1683 841 1746 discet.

91 1827 152 1901 Ββ
241 1823 352 1907 Quare
374 1827 493 1904 desine,
516 1827 597 1890 dum
620 1827 696 1891 licet
717 1824 849 1910 pudico,

242 1936 295 1999 Ne
315 1936 414 2000 finem
437 1938 547 2016 iacias,
568 1940 628 2002 sed
651 1940 836 2002 irrumatus.

104 2123 128 2158 2.
166 2104 265 2159 horum
279 2108 448 2163 Froehlichius
519 2111 594 2178 quod
607 2112 640 2164 L.

34 2232 42 2247 ⁸
105 2192 128 2240 3.
166 2177 222 2229 Aut
234 2177 347 2244 posthac
359 2180 489 2233 malebant
502 2181 618 2235 Handius
626 2194 650 2235 et
662 2182 696 2235 H.
710 2183 746 2235 A.
758 2179 876 2247 Kieynius
888 2179 915 2230 in
927 2177 1086 2242 Mnemosyne
1096 2171 1155 2226 Vll·
1166 2185 1217 2234 ²47

65 2245 188 2317 probante
200 2247 295 2312 cobesa,
308 2251 342 2315 cf.
353 2250 456 2302 XXIV.
471 2267 495 2314 3.

19 2342 24 2355 ·
103 2338 128 2383 4.
166 2316 339 2391 RedicareA
410 2327 546 2379 Dedicare
563 2322 614 2375 Ba
627 2341 662 2373 m.
671 2333 715 2390 pr.
730 2317 902 2381 GHLa¹oao2
1065 2382 1072 2396 .
1141 2382 1147 2395 .

10 2404 15 2424 ¹
105 2405 130 2452 5.
167 2394 297 2444 exiocaris
321 2388 501 2444 BGHLa¹OV
517 2390 562 2444 bdc
651 2397 680 2443 et
702 2391 798 2442 iocaris
821 2388 928 2441 ACLah
1016 2399 1045 2438 es
1064 2397 1162 2436 iocans
1181 2381 1219 2450 D,

69 2460 202 2526 Frutenius
222 2461 249 2510 in
274 2458 389 2512 Verisim.
409 2462 445 2513 11.
466 2478 508 2527 υ,
528 2461 636 2528 Vossius,
654 2472 678 2515 et
701 2464 744 2530 qui
764 2479 820 2514 eum
844 2460 921 2513 secuti
944 2467 1003 2509 sunt
1085 2452 1220 2506 exiocan's

67 2528 211 2597 defenditur
221 2549 240 2580 a
252 2529 388 2598 Scaliger-o.
1169 2592 1175 2604 ·

103 2592 130 2651 ⁶:
167 2597 417 2653 Haereshi'ossius
431 2600 503 2670 Vuip.
516 2602 717 2656 Connchiiio
730 2601 837 2653 Lachm.
852 2600 949 2667 Haupt.
962 2596 1037 2661 Heys.
1083 2592 1219 2661 expenbis

69 2706 290 2761 ammonas
359 2709 505 2777 expet-nus
519 2712 570 2763 nn
641 2676 827 2786 experiisse
897 2706 1090 2775 experiebisH
1170 2720 1220 2758 ex-

67 2776 192 2847 peririsb
241 2779 376 2846 experibis
388 2782 496 2847 defendit
508 2783 636 2848 Muretus,
648 2784 675 2835 in
687 2793 784 2836 textum
795 2782 901 2833 admisit
913 2780 1037 2846 Scaliger.
1074 2776 1124 2828 Sed
1133 2776 1220 2829 nullus

67 2851 107 2902 hic
125 2850 194 2902 Iocus
202 2849 308 2915 futuro.
344 2852 375 2902 In
387 2851 523 2918 experibis
537 2865 663 2921 superesse
679 2854 779 2905 uidetur
796 2851 930 2920 uestigium
949 2850 1055 2902 maioris
1071 2847 1178 2914 literam
1195 2846 1220 2899 R

66 2921 133 2972 enim
145 2929 170 2971 et
183 2918 207 2969 Β
218 2922 316 2988 saepius
326 2932 513 2989 prostituantur.

106 3004 132 3050 7.
153 2988 236 3110 Ymihi
248 2995 402 3042 struentem
424 2989 677 3061 (mihistruentem)
699 2992 891 3046 O.Ribbeckius
921 2992 948 3043 in
978 2989 1126 3044 Fleckeiseni
1149 2989 1221 3041 Ann.

70 3061 139 3112 1862
175 3070 257 3127 .1.p.
272 3063 331 3124 378.

105 3135 131 3182 8.
167 3129 241 3197 prius
253 3129 384 3185 ALbded.
397 3134 444 3184 Pr.
458 3131 521 3185 ΑΜ.
534 3135 556 3186 1.
570 3135 701 3187 Guarinus
714 3134 831 3186 Muretus
846 3132 951 3201 Vulpius
1040 3128 1220 3184 irrumatione

67 3199 133 3253 habe
203 3198 591 3271 ir(uelin)ruminati0necett.

104 3287 130 3335 9.
167 3269 313 3322 idsiACL
383 3270 433 3338 ipsi
445 3284 502 3326 cett.
538 3276 624 3328 Error
641 3293 672 3326 ex
691 3274 801 3340 confinis
822 3271 903 3337 IPSI,
924 3270 1002 3324 IDSI
1023 3283 1092 3326 orsus
1111 3272 1220 3326 uidetur.

68 3339 154 3408 Atqui
167 3339 189 3391 si
203 3340 266 3393 Ala.
278 3342 300 3393 1.
315 3343 396 3394 Guar.
410 3343 478 3396 Scal.
493 3343 562 3397 Voss.
576 3345 648 3412 Vulp.
661 3344 719 3397 Sili.
792 3342 853 3410 lpse
865 3341 893 3394 id
905 3344 967 3395 coni.
980 3342 1106 3395 Handius.

107 3427 149 3463 10.
188 3410 301 3462 Hunca
379 3411 407 3463 id
419 3413 547 3479 ipsumD
626 3414 713 3480 ipsum
726 3410 828 3466 BHLa¹
897 3421 1006 3474 exurire
1022 3408 1223 3464 BCDGLLa¹V

69 3481 172 3533 ixurire
184 3480 214 3531 H
222 3499 240 3532 a
253 3499 288 3532 m.
296 3492 340 3549 pr.
393 3482 513 3551 esuriere
526 3483 550 3537 0
608 3485 725 3536 essurire
738 3484 863 3552 Bergkius
876 3483 1044 3536 Rossbachius
1057 3482 1219 3534 Schwabius.

108 3568 150 3603 11.
187 3554 235 3606 Me
249 3555 298 3606 Me
313 3551 403 3604 codices
416 3572 498 3606 omnes
511 3556 602 3607 sinceri
702 3570 779 3605 meus
792 3555 864 3606 meh
959 3552 1019 3604 Nae
1032 3553 1219 3606 memsam.

69 3621 133 3674 ΛΜ.
148 3623 170 3674 Ῑ.
260 3619 318 3673 Vae
331 3636 408 3673 meus
421 3624 534 3675 Faernus
626 3623 675 3676 Me
689 3639 767 3675 meus
779 3626 877 3677 Statius
967 3623 1048 3674 Meus
1061 3637 1106 3674 sne
1119 3621 1219 3675 Vossius

70 3691 212 3744 Meusmet
225 3690 300 3745 Gonr.
312 3693 343 3743 de
353 3693 424 3745 Allio
437 3693 561 3762 Bergkius
655 3694 737 3746 Meus
750 3694 786 3746 mi
800 3695 906 3760 Heysius
997 3693 1038 3744 Mi
1052 3707 1129 3744 meus
1141 3693 1219 3748 Ross-

69 3764 174 3815 bachius
269 3762 351 3814 Meus
370 3764 477 3818 iamed.
501 3780 565 3829 1473
587 3765 718 3818 Guarinus
814 3765 839 3815 A
857 3779 901 3816 me
924 3777 968 3814 me
991 3764 1031 3815 uel
1052 3763 1093 3814 Ve
1110 3778 1155 3814 me
1175 3778 1219 3814 me

70 3834 193 3900 Scaliger,
217 3852 322 3900 quorum
342 3837 417 3902 prius
441 3837 546 3888 admisit
570 3835 698 3904 Hauptins
727 3837 753 3887 in
777 3835 815 3886 ed.
843 3839 908 3898 1853
944 3832 1052 3884 ieiunus
1077 3833 1220 3884 Huschkius

70 3901 193 3954 Mellitus
223 3903 347 3966 Handius,
378 3906 443 3971 quod
469 3908 540 3958 credo
571 3925 658 3958 uerum
688 3924 748 3970 esse,
773 3907 882 3971 confusis
913 3895 959 3953 the
987 3902 1031 3956 litt
1052 3900 1112 3972 (me
1136 3901 1220 3971 nitu)

71 3971 203 4025 Tenellus
214 3974 365 4025 Bebrensius
437 3976 528 4027 scitire
548 3973 631 4028 BLa¹.

108 4099 150 4134 η.
186 4081 293 4134 desinas
307 4083 396 4136 ACLa
455 4091 559 4143 desinat
576 4082 812 4138 BDGLa¹Lo²OV
867 4041 1003 4136 deiinath
1061 4083 1223 4136 destinatH

69 4152 163 4205 desine
176 4153 224 4205 bed
292 4153 390 4218 pudice
402 4174 429 4206 a.

107 4239 148 4287 ¹3·
181 4227 239 4280 Nec
257 4220 664 4278 ABCDGHLLa¹La²OVahcd
754 4223 875 4277 Nebed.
889 4227 936 4277 Pr.
971 4223 1221 4281 *saciasvfinemo

68 4300 241 4351 irruminatus
258 4290 420 4359 (irrumatus
433 4295 503 4364 Vah)
514 4318 574 4354 sum
589 4297 680 4349 codices
769 4295 916 4347 irrumatus
927 4297 965 4349 ed.
978 4300 1024 4350 Pr.
1107 4304 1136 4353 et
1150 4298 1220 4351 irru-

71 4368 160 4415 matus
172 4362 289 4415 Heinsius
328 4363 459 4419 Catullum
472 4369 587 4419 imitatus
599 4379 636 4421 est
645 4369 753 4435 scriptor
764 4369 854 4434 Priap.
867 4368 956 4419 LXX.
971 4385 1011 4433 13,
1027 4384 1067 4433 14,
1081 4367 1141 4422 'Ne
1153 4369 1220 4424 dum

71 4434 132 4485 'me
144 4431 234 4485 colitis
246 4447 393 4504 meumque
406 4452 507 4489 numen
521 4436 657 4489 Custodes
669 4436 790 4491 habeatis
803 4437 967 4491 irrumatosl

619 4531 674 4583 Do
