2872 5002
581 368 841 433 CATVLLI

353 556 425 621 Sibi
448 576 519 620 esse
541 555 638 633 sacta,
660 577 736 621 cum
759 557 885 620 ueniret
906 576 926 618 a
950 555 1057 619 marei

353 668 539 731 Nouissima
560 668 647 731 hunc
670 670 713 730 ad
736 689 840 750 usque
862 668 1037 749 limpidum
1061 667 1178 729 lacum.

309 805 378 870 Sed
401 806 482 869 haec
505 806 595 887 prius
616 804 724 868 luere:
757 824 842 867 nunc
866 805 1036 868 recondita
1252 823 1281 874 ²5

310 916 413 981 Senet
436 916 547 999 quiete
569 936 670 997 seque
692 917 824 980 dedicat
847 916 916 992 tibi,
1245 936 1254 949 ¹
1300 934 1316 963 ⁰

311 1028 461 1092 Gemelle
484 1026 603 1091 Castor
625 1037 658 1089 et
681 1026 822 1127 gemelle
845 1025 1001 1090 Castoris.

175 1299 217 1347 ²7·
236 1281 382 1346 Charisius,
403 1297 430 1349 p.
454 1298 502 1345 ²5²
526 1280 607 1345 Keil,
631 1298 680 1346 223
704 1281 736 1334 P.
773 1282 893 1334 Senesco
916 1287 1010 1333 autem
1032 1280 1154 1332 nuncin
1174 1294 1223 1331 usu
1242 1284 1284 1330 est

138 1354 282 1422 frequens:
298 1352 370 1419 apud
379 1352 435 1404 anti
456 1366 506 1403 uos
515 1357 608 1403 tamen
617 1357 646 1403 et
655 1366 740 1404 seneo
749 1350 893 1404 dicebatur
901 1351 974 1403 unde
983 1357 1013 1403 et
1022 1350 1147 1403 Catullus
1157 1349 1284 1419 (Catulus

139 1423 222 1492 codd.)
237 1424 275 1475 sic
290 1423 392 1475 retulit.
456 1436 509 1473 unc
525 1421 667 1473 recondita
684 1424 709 1474 §t
727 1421 821 1489 quiete
835 1436 922 1489 seque
937 1420 1016 1490 (sunt
1030 1420 1078 1489 qui
1094 1435 1227 1487 seneseq:
1246 1416 1284 1488 P)

138 1495 247 1547 dedicat
260 1491 376 1556 (didicat
388 1490 426 1560 P)
439 1491 489 1543 tibi
502 1490 626 1544 Gemelle
640 1492 769 1543 Castoris.

175 1563 325 1616 Diomedes
341 1578 367 1629 p.
389 1579 438 1626 344
458 1560 540 1626 Keil,
561 1578 610 1626 334
629 1561 671 1627 P,
686 1560 759 1614 Nam
777 1563 896 1614 Senesco
913 1567 942 1614 et
960 1561 1050 1615 Seneo
1068 1560 1141 1627 apud
1159 1560 1286 1627 antiquos

138 1634 297 1697 dicebatnr;
317 1633 388 1685 unde
407 1638 436 1684 et
454 1631 578 1683 Catullus
596 1630 677 1683 Nunc
696 1630 767 1700 (non
786 1630 829 1700 A)
847 1632 989 1684 recondita
1007 1629 1163 1698 (recondita
1182 1631 1222 1693 M,
1240 1644 1286 1681 re·

138 1705 251 1756 cordata
264 1702 306 1770 A)
342 1704 426 1754 Senet
438 1702 532 1769 quiete
549 1717 633 1769 seque
645 1701 754 1754 dicebat
767 1700 910 1770 (dicebant
923 1702 965 1771 A)
977 1700 1027 1754 tibi
1040 1701 1166 1753 Gemelle
1186 1700 1287 1753 Castor

138 1780 168 1826 et
180 1772 286 1835 gemelli
300 1772 436 1824 Castores.

174 1843 303 1895 Priscian.
314 1843 336 1894 l.
344 1846 426 1909 ρ.484
436 1839 517 1905 Keil,
526 1843 576 1906 869
586 1840 626 1907 Ρ,
635 1842 724 1893 Seneo
731 1847 872 1894 senectus.
883 1840 1055 1895 ...Catullus
1062 1838 1193 1907 (Catulus
1201 1837 1286 1908 codd.)

140 1913 194 1965 Sed
206 1912 273 1965 haec
286 1911 363 1964 fuere
376 1910 500 1980 (seruere
512 1910 606 1979 codd),
619 1927 691 1963 nunc
704 1911 847 1964 recondita
858 1917 936 1964 senet
949 1911 1043 1979 quiete
1057 1908 1150 1978 (quite
1162 1907 1247 1978 codd.)

176 2265 218 2313 23·
258 2256 361 2303 amaret
372 2247 500 2300 Aliam.
508 2259 552 2316 pr.
567 2245 810 2301 CDGHLMOVh
862 2248 1054 2301 amareacVic
1107 2246 1287 2315 amari(icsc

138 2316 250 2386 rasura)
263 2314 314 2370 la¹
323 2319 358 2370 bd
369 2319 443 2387 uulgo
456 2317 573 2371 Klotzius
609 2333 712 2370 amare
724 2337 781 2371 cum
792 2319 893 2371 Murato
902 2320 999 2370 Statim
1008 2318 1141 2370 sectandam
1151 2319 1256 2371 Charis.
1265 2319 1287 2369 l.

136 2401 163 2459 p.
176 2393 219 2454 61,
231 2391 270 2442 ed.
283 2387 347 2441 Keil.
360 2386 409 2456 (44
421 2388 460 2440 ed.
473 2387 527 2456 P.),
543 2389 576 2440 ib.
583 2399 612 2456 p.
628 2404 687 2451 137,
700 2387 762 2439 Keil.
781 2386 828 2456 (p.
844 2405 890 2440 111
905 2387 952 2456 P.)
970 2390 1097 2440 Priscian.
1111 2389 1171 2441 1⁷11.
1183 2391 1252 2441 lom.
1264 2389 1287 2440 l.

135 2473 163 2528 p.
179 2475 225 2523 331
239 2457 302 2510 Keil.
314 2457 352 2527 (p.
364 2463 414 2521 758
426 2456 472 2525 P.)
483 2461 526 2526 qui
538 2458 629 2510 laudat
640 2477 697 2510 cum
709 2460 822 2510 Varrone
831 2459 971 2510 Atacinum
983 2458 1106 2510 Plautum
1114 2456 1198 2524 (Rud.
1207 2459 1251 2510 17.
1263 2474 1287 2523 3,

140 2529 198 2598 4ο),
212 2531 342 2580 Lucanum
355 2527 430 2596 (Vll.
446 2526 608 2596 389-391).
645 2529 686 2592 Cf.
700 2528 801 2579 lucret.
812 2529 834 2580 1.
850 2530 909 2592 161,
921 2527 995 2580 Ouid.
1008 2530 1085 2580 frisi.
1100 2528 1130 2579 7.
1145 2543 1169 2592 a,
1182 2545 1224 2582 ao.
1236 2529 1287 2596 Ep.

138 2603 213 2652 Pani.
225 2601 269 2651 IV.
279 2601 304 2662 ⁶,
315 2601 358 2662 46.
412 2601 523 2651 Statium
535 2609 631 2651 secutus
643 2607 680 2650 est
692 2598 806 2665 Scaliger
818 2617 874 2651 caan
882 2598 1008 2667 plerisque
1018 2607 1079 2650 onte
1089 2598 1288 2652 cathamum

137 2669 252 2723 amanei
266 2669 456 2722 Lachmannus.

176 2757 219 2803 24.
257 2740 410 2794 Nouissime
434 2734 741 2790 ARCDGHLLdeo
762 2734 843 2790 houd
864 2739 964 2790 Auont.
989 2737 1056 2790 Stat.
1081 2737 1165 2791 Loth.
1190 2738 1288 2806 Hoccpt.

139 2810 248 2861 nouisse
262 2810 300 2860 Vh
353 2807 509 2859 Nouissime
526 2827 553 2870 o,
570 2810 630 2870 Vsa,
642 2809 679 2860 ed.
696 2823 773 2872 1473,
789 2808 873 2876 uulgo,
889 2808 955 2875 quad
970 2807 1088 2860 Klotzius
1100 2817 1186 2860 tuetur
1197 2808 1288 2860 allatis

140 2880 215 2932 Ouid.
228 2881 304 2930 trist.
323 2880 373 2929 111.
392 2895 432 2941 13,
448 2891 488 2939 27,
504 2877 597 2928 ‘Dum
616 2893 661 2929 me
679 2883 814 2931 terrarum
831 2893 894 2944 pars
912 2893 982 2944 pene
1000 2877 1146 2929 nouissima
1164 2877 1288 2942 Pontus:

143 2949 226 3001 Valeo.
240 2947 309 3000 Flac.
321 2948 420 3016 Argon.
434 2948 462 2999 V.
473 2946 531 3011 77,‘
542 2947 607 2998 Post
619 2948 691 2999 acies
703 2947 834 3014 rubrique
847 2947 992 2999 nouissima
1003 2947 1120 2999 claustra
1133 2947 1289 3016 Aequoris!

140 3022 199 3071 ‘loo
218 3019 309 3085 Agris.
328 3019 366 3069 X.
386 3017 482 3069 ‘llaec
500 3033 548 3068 ora
566 3017 704 3070 nouissimi
722 3017 821 3071 maris!
859 3019 928 3070 Anu.
946 3020 984 3069 11.
1004 3035 1046 3081 aa,
1058 3018 1153 3069 ‘uasto
1172 3033 1204 3070 ac
1223 3033 1289 3084 pro·

141 3087 248 3139 ‘fundo
267 3093 298 3138 ut
311 3086 441 3138 credatur
452 3086 627 3139 nouissimum
643 3103 675 3139 ac
692 3087 749 3139 sine
766 3087 847 3139 terris
861 3087 954 3141 mare!
991 3089 1046 3154 Ipse
1061 3087 1179 3140 Catullus
1196 3087 1288 3139 nouis·

140 3158 210 3209 simo
222 3172 286 3208 casu
299 3156 374 3209 habet
386 3158 446 3208 LX.
461 3177 486 3221 4.
519 3157 595 3209 Nihil
604 3159 642 3208 ad
653 3177 706 3210 rem
711 3157 817 3222 faciunt
829 3176 892 3225 quoe
902 3177 920 3210 a
937 3157 1017 3210 Gellio
1028 3157 1181 3239 offeruntur.
1194 3157 1231 3209 X.
1246 3174 1289 3210 οι.

141 3227 213 3279 Nam
228 3228 336 3279 Gellium
348 3246 448 3278 errasse
460 3227 544 3278 docent
556 3227 637 3279 lexico
650 3228 782 3289 Ciceronis,
795 3228 865 3309 apud
875 3246 946 3295 quem
959 3227 1120 3279 nouissimus
1132 3238 1173 3280 ter
1184 3228 1287 3296 legitur,

140 3300 193 3349 Pro
206 3298 237 3364 Q.
251 3298 337 3348 Roscio
350 3299 400 3348 XI.
416 3313 457 3360 3ο,
474 3314 496 3361 1,
507 3296 578 3364 ‘Qui
595 3312 629 3349 ne
642 3297 668 3348 in
682 3297 834 3349 nouissimis
850 3296 960 3366 quidem
980 3302 1039 3348 erat
1056 3296 1241 3362 histrionibus,
1253 3296 1289 3349 ad

142 3367 262 3434 ‘primos
280 3367 405 3433 peruenit
427 3365 592 3418 comoedos!
630 3368 676 3418 Ad
695 3370 768 3419 Fam.
787 3369 853 3419 XII.
878 3383 918 3432 13,
940 3384 962 3432 1,
981 3369 1027 3418 ‘ut
1049 3365 1117 3419 haec
1141 3367 1289 3420 nouissima

141 3439 253 3488 ‘nostra
272 3435 344 3488 lacta
366 3451 421 3487 non
442 3436 531 3487 subita
550 3435 631 3487 fuisse
653 3437 773 3489 iudices!
812 3437 849 3489 lb.
863 3438 899 3488 Χ.
916 3454 956 3501 3ο,
970 3456 995 3501 4,
1010 3437 1121 3504 ‘Qiom
1140 3451 1238 3489 omnes
1257 3452 1288 3490 se

141 3506 324 3573 ‘recepissent
352 3505 438 3556 nostri
464 3505 574 3568 ordinis,
600 3507 723 3574 recipere
752 3522 797 3559 me
823 3507 984 3558 nouissimus
1012 3507 1090 3572 coepi
1116 3505 1151 3558 ad
1179 3506 1289 3560 castra!

141 3578 266 3646 opinatus
283 3588 319 3629 est
335 3577 430 3627 Mauro
449 3577 533 3644 opponi
549 3579 615 3627 iuter
629 3595 654 3627 se
669 3577 764 3629 ultima
779 3592 812 3628 ex
828 3577 997 3642 origine-et
1015 3576 1179 3628 inde-cum
1197 3576 1289 3628 nouis·

142 3648 218 3711 sime,
240 3647 446 3714 quemadmodum
473 3646 543 3714 apud
569 3646 693 3698 Plancum
716 3648 789 3698 Fam.
811 3647 849 3699 X.
876 3663 918 3710 4ο.
944 3663 957 3696 a
984 3645 1290 3712 primum-deinde·-

141 3717 286 3768 nouissime
298 3728 322 3768 et
334 3717 403 3784 opud
418 3717 534 3767 Senecam
547 3716 635 3767 deira
649 3718 701 3769 111.
715 3733 739 3779 5.
755 3734 778 3768 ο.
809 3717 869 3769 l'ide
879 3734 934 3770 eum
946 3717 976 3768 de
989 3718 1038 3768 bac
1049 3735 1078 3769 re
1088 3716 1249 3769 disserentem
1262 3718 1289 3768 in

141 3788 235 3838 Diorio
248 3785 370 3853 Philolog.
385 3785 592 3854 Cantabrig.1V.
608 3801 667 3850 237.

178 3872 219 3918 25·
256 3855 309 3907 boc
322 3851 446 3906 CGHLa²
482 3856 572 3920 potius
586 3854 614 3905 θ’
650 3872 705 3906 non
722 3857 780 3917 th,
794 3857 869 3908 codex
884 3857 911 3907 A
924 3855 1053 3908 Diomedis
1089 3855 1243 3907 recomdita
1255 3855 1288 3907 0.

178 3928 219 3976 26.
258 3924 494 3976 Sedetal’orodia
555 3924 608 3976 Sed
622 3928 701 3978 nech
756 3927 860 3978 SineH
909 3926 988 3979 §uel
998 3931 1062 3978 sunt
1074 3926 1188 3978 Charisii
1196 3926 1288 3978 codices

141 3996 188 4063 qui
201 4000 230 4047 te
242 3996 370 4047 Prisciani
382 3995 471 4046 codices

179 4122 220 4168 27.
256 4110 348 4156 castor
370 4105 405 4168 o,
427 4105 495 4157 coa.
520 4105 654 4169 Diomedis,
675 4108 789 4159 numm
806 4081 928 4176 ΞῙΞΞῙΞΞ
954 4107 977 4159 o
1048 4112 1168 4158 castrum
1190 4107 1288 4158 aona

140 4171 833 4313 ΞΞ.Ξ”,.0.ΞΞΞ,,ΞΞᾝΞΞΞΞια
855 4188 1066 4314 titillata
1079 4177 1151 4299 Ξ,
1166 4181 1289 4299 ,ΞΞΞ

141 4315 240 4367 castor'
256 4324 405 4367 errorortus
418 4315 516 4368 uidetur
622 4315 756 4366 castrisld
826 4316 933 4383 gemelli
944 4317 1072 4369 Castores
1081 4317 1149 4369 codd.
1159 4317 1288 4368 Diomedis

141 4385 265 4438 Gemella
278 4385 376 4437 Castor
388 4391 417 4437 et
428 4384 543 4450 gemelle
557 4386 677 4436 Castoris
688 4387 725 4437 ed.
740 4390 786 4438 Pr.
