2872 5002
141 373 206 437 172
588 369 851 436 CATVLLI

229 562 306 624 Non
330 579 465 641 possum
488 559 632 637 reticere,
655 560 747 636 deae,
769 578 835 641 qua
858 579 909 621 me
930 556 1043 623 Allius
1064 557 1098 622 in
1121 568 1156 624 re

274 672 397 734 querit
420 680 477 734 aut
502 672 634 753 quantis
658 670 776 734 iuuerit
798 670 932 735 officiis:

229 785 301 849 Nec
324 784 452 867 fugiens
474 783 587 847 saccis
610 783 881 847 obliuiscentibus
903 792 997 848 aetas

273 896 366 959 Illius
387 895 450 959 hoc
474 915 571 959 caeca
594 904 692 959 nocte
714 904 807 977 tegat
830 896 999 959 studium:

230 1008 297 1072 Sed
321 1008 430 1071 dicam
452 1006 556 1083 uobis,
579 1027 639 1069 uos
659 1026 756 1088 porro
780 1007 881 1070 dicite
903 1006 1017 1071 multis
1247 1030 1272 1080 4⁵

275 1119 410 1182 Milibus
433 1128 466 1182 et
489 1118 587 1182 facite
608 1118 689 1181 haec
712 1127 804 1183 curta
826 1117 981 1201 loquatur
1001 1139 1095 1185 anus

274 1539 499 1621 Notescatque
522 1539 627 1621 magis
651 1548 799 1601 mortuus
821 1546 923 1621 atque
947 1539 1063 1621 magis,
1253 1565 1279 1614 50

230 1652 302 1715 Nec
325 1662 459 1714 tenuem
482 1660 602 1714 texens
625 1650 775 1713 sublimis
797 1671 917 1714 aranea
939 1648 1041 1714 telam

144 1932 147 1937 ’
181 1948 223 1994 41.
260 1932 326 1984 Hinc
338 1933 439 1985 initium
451 1931 558 1986 ulterius
571 1933 694 1984 carminis
707 1931 800 1985 ducunt
808 1928 946 1984 Ramlemcs
958 1929 1285 1997 ined.1793FroehInhius

146 2000 270 2070 Bergkius
284 2003 388 2068 Heysius
403 2003 585 2072 Hertnbergius
605 2004 731 2072 Gruppius
744 2002 912 2055 Rossbachius
924 2003 975 2056 Ed.
987 2022 1006 2056 a
1020 2003 1122 2056 Bruner
1140 2005 1176 2055 A.
1189 2003 1286 2054 Weisius

146 2072 297 2126 Schwabius
312 2073 378 2126 West
394 2071 477 2126 balius
491 2075 618 2126 Frankius
631 2074 782 2126 Behrensius
898 2086 980 2138 quatu
992 2070 1081 2124 tulius
1104 2070 1286 2126 ccttzwoa

145 2158 228 2210 quam
241 2142 318 2194 salius
332 2086 422 2211 (saius
434 2144 469 2211 P)
483 2143 611 2196 ABLo'P
662 2158 744 2210 quam
759 2142 825 2211 (qua
839 2140 903 2210 Vn.)
917 2141 1035 2194 fallimus
1047 2142 1096 2195 Dh
1107 2143 1164 2196 uu.
1177 2146 1228 2194 606
1241 2141 1286 2197 Pu.

145 2228 227 2280 quam
240 2214 349 2266 saluisd
430 2223 461 2282 q3
475 2213 579 2266 facilius
592 2213 617 2265 V
696 2229 750 2282 qua
762 2229 807 2266 me
820 2214 904 2266 Allius
917 2214 1035 2282 Scaliger
1118 2228 1175 2282 qua
1187 2212 1288 2266 Mallius

146 2283 218 2354 Caip.
264 2354 275 2406 I
292 2300 345 2352 qua
358 2284 477 2336 Manlius
490 2286 608 2338 Muretus
621 2282 697 2352 uulgo
767 2299 822 2353 qua
834 2299 879 2337 me
892 2281 993 2336 Acilius
1005 2284 1112 2351 Hessius
1185 2285 1226 2338 ire
1237 2284 1267 2337 0.

181 2373 225 2419 4²·
280 2356 377 2408 nuenit
390 2356 439 2408 Oh.

182 2442 225 2490 43.
254 2431 309 2485 Nec
332 2422 647 2479 ACDGLLa¹La²OVah
660 2425 735 2478 Conr.
749 2425 779 2476 de
792 2424 864 2476 Attio
876 2425 993 2478 Handius
1005 2425 1061 2478 edd.
1112 2435 1135 2478 st
1148 2426 1290 2478 Lachman-

145 2515 206 2549 num
279 2495 342 2549 Hec
355 2497 422 2549 BPd
499 2495 578 2548 Haec
591 2496 630 2547 Hc
709 2509 744 2546 ne
757 2495 890 2560 Calpurnii
900 2496 939 2548 ed.
956 2499 1020 2559 1481
1037 2515 1071 2548 nu
1077 2515 1115 2565 go
1125 2497 1291 2550 etSoncenius

146 2565 199 2620 Nei
212 2568 362 2620 Bebrensius
430 2570 500 2623 sedis
519 2566 599 2618 ΑΒΗ
605 2578 648 2664 fr.
661 2566 684 2617 l.
698 2560 886 2618 La¹la²OVah
966 2571 1025 2618 etas
1037 2565 1070 2619 0.

182 2656 224 2702 44,
261 2637 328 2690 haec
342 2638 409 2690 BHh
490 2642 553 2691 ceta
566 2638 607 2688 ta
698 2641 775 2702 rugat
789 2635 840 2687 AC
919 2641 997 2703 regat
1010 2635 1033 2687 I.
1046 2655 1082 2689 m.
1090 2649 1137 2706 pr.
1221 2638 1292 2702 teget

145 2707 292 2761 Maecilius.

182 2796 224 2842 45.
261 2784 342 2846 porto
356 2779 388 2832 0.

183 2893 226 2953 4⁶.
264 2889 421 2944 11111140
495 2887 680 2943 Milibuspad
758 2886 927 2942 cartaza’V
980 2853 1068 2946 'iiii
1094 2889 1155 2944 ren.
1236 2873 1292 2944 eiu

148 2958 302 3029 (ceratam
400 2967 476 3014 certa
489 2955 792 3013 ABCDGHLa¹cdRic
806 2961 857 3010 606
871 2963 895 3011 P
983 2963 1092 3013 cecteo
1183 2961 1293 3014 curuah

146 3046 210 3082 ceca
223 3032 330 3083 Statius.
374 3033 423 3083 Sed
438 3033 472 3098 cf.
486 3033 577 3085 Aesch.
598 3033 642 3083 Fr.
663 3047 710 3094 323
731 3029 825 3082 Nauck
838 3030 872 3084 iss
883 3028 955 3101 λέγει
966 3029 1045 3100 γέρον
1058 3031 1174 3100 γράμμα,
1187 3033 1242 3086 cir.
1254 3049 1293 3097 41,

148 3101 231 3222 Mys.
252 3101 361 3221 111114.
381 3120 395 3165 4
418 3101 502 3154 Fama
522 3102 604 3154 fuisse
623 3101 723 3170 loquax
742 3106 873 3169 cartaque
898 3100 1041 3169 (certaque
1059 3120 1104 3153 sex
1126 3103 1294 3156 Schneideuiu'

148 3189 174 3222 co
192 3173 239 3223 ices
285 3171 427 3223 icetanus.

185 3256 227 3304 47·
241 3168 366 3318 )Spatium
391 3245 464 3295 unius
477 3263 563 3296 uersus
576 3246 603 3295 in
615 3239 790 3296 BCGLLPV
798 3243 855 3294 Ven.
867 3240 918 3293 bnt
926 3251 951 3294 et
963 3240 1138 3311 Philippensi,
1151 3245 1259 3297 duorum
1269 3245 1294 3295 in

148 3313 183 3365 H.
222 3313 245 3364 G
257 3313 377 3380 scriptum
390 3313 464 3365 habet
476 3316 502 3365 in
515 3315 632 3382 margine
644 3312 718 3377 defit,
733 3315 790 3365 Ven.
800 3323 824 3363 ct
836 3312 860 3362 B
872 3311 973 3377 deficit,
982 3312 1002 3363 d
1008 3311 1087 3365 deest
1098 3315 1293 3383 interscriptsun.

150 3385 180 3435 In
194 3382 270 3435 La'O
277 3395 336 3452 post
348 3403 371 3435 u.
387 3386 420 3446 46
433 3386 544 3451 sequitur
556 3387 608 3435 sine
619 3384 756 3437 interuallo
769 3381 959 3448 Notescatque
971 3382 1056 3448 magis
1074 3391 1203 3436 mortuus
1215 3392 1293 3453 atque

150 3453 241 3519 magis,
255 3456 281 3506 in
295 3454 368 3505 ADa
382 3453 432 3505 Vcc.
446 3454 500 3505 Ric.
515 3455 566 3504 606
580 3454 715 3505 Omnibus
727 3459 756 3504 et
771 3452 810 3520 (in
822 3455 958 3505 Parisinus
972 3453 1054 3520 7989)
1067 3453 1158 3506 triuiis
1170 3455 1293 3521 uulgetur

148 3523 239 3577 tabula
258 3524 364 3591 passim,
387 3527 430 3591 qui
454 3543 540 3576 uersus
558 3526 584 3576 in
603 3526 681 3576 codice
703 3524 824 3576 Parisino
843 3528 912 3588 7989
931 3524 1034 3576 Senecae
1056 3525 1208 3590 ascribitur,
1225 3543 1292 3594 quen

149 3596 252 3648 credunt
273 3613 324 3647 esse
342 3596 463 3646 ‘Thomam
484 3595 599 3647 Senecam
619 3597 662 3662 qui
681 3597 748 3647 uixit
765 3596 884 3646 Anconae
902 3596 971 3645 circa
988 3612 1086 3647 annum
1111 3611 1188 3661 1420,
1207 3596 1294 3664 Haup-

149 3669 199 3719 tius
217 3666 266 3734 Qu.
287 3666 344 3717 Cat.
359 3678 387 3734 p.
401 3683 443 3730 42,
456 3666 505 3716 Ed.
518 3685 535 3717 a
555 3666 657 3718 Bruner
664 3677 691 3732 p.
706 3666 766 3727 627.
779 3665 876 3732 Margo
892 3663 921 3713 D
936 3664 974 3715 ed.
991 3667 1039 3716 Pr.
1053 3665 1117 3717 Ate.
1134 3668 1158 3718 1.
1176 3678 1201 3719 et
1215 3667 1294 3719 Guur.

149 3737 241 3788 hohern
254 3735 387 3787 Omnibus
400 3736 482 3803 inque
495 3736 560 3788 locis
573 3735 729 3787 celebretur
740 3732 813 3786 fama
825 3733 932 3801 sepulti.
974 3734 1128 3789 Cuiacionus
1141 3745 1203 3790 teste
1214 3735 1293 3789 Scali-

145 3826 207 3874 gero
217 3806 324 3858 habebat
336 3805 455 3858 Muscosi
466 3813 572 3873 repetat
583 3805 651 3857 uada
661 3805 779 3870 remigiis
789 3803 962 3863 Acherontis.
971 3807 1015 3872 qui
1023 3823 1112 3858 uersus
1121 3807 1193 3858 bodie
1202 3808 1294 3874 tegitur

147 3879 174 3929 in
188 3880 217 3940 P,
231 3878 274 3928 sed
282 3879 393 3944 nigriore
404 3888 548 3929 atramento
559 3888 582 3929 et
590 3888 648 3944 post
659 3895 761 3928 erasum
775 3894 838 3942 quae
844 3877 1018 3943 priusfuerat
1030 3877 1197 3944 scripturam.
1215 3877 1294 3930 Huius

146 3950 287 4014 scripturae
298 3949 437 4000 etiamnum
450 3959 501 3999 tres
513 3946 613 4000 litterae
629 3945 679 4014 legi
691 3958 797 4015 possunt
810 3945 878 4010 Led,
892 3945 955 3997 unde
972 3947 1063 3998 conicio
1076 3947 1137 3999 oiim
1151 3948 1257 4000 LXIX.
1271 3963 1294 4011 5,

147 4020 284 4084 nescioquo
302 4036 362 4070 casu
376 4019 481 4070 illatum
489 4019 585 4084 fuisse.
620 4017 670 4069 Sed
685 4018 745 4068 haec
763 4019 848 4069 omnia
865 4018 1024 4083 supposititia
1042 4034 1094 4068 csse
1155 4028 1166 4069 t
1185 4019 1294 4072 station

147 4106 229 4140 omnes
243 4088 367 4140 uiderunt.
404 4090 459 4140 1se
471 4091 549 4141 trium
563 4106 680 4141 uersuum
693 4088 803 4139 indicaui
814 4087 945 4139 lacunam,
982 4086 1041 4138 Vide
1051 4089 1093 4139 Pr
1125 4101 1245 4158 gomma.

184 4174 270 4222 50·5²
287 4101 433 4227 (48)-(50i
444 4159 492 4212 det.
505 4161 541 4212 A.
555 4159 668 4212 Weisius.

183 4245 217 4292 50
232 4227 300 4295 (48).
336 4229 452 4297 Spurium
477 4230 569 4283 habent
588 4230 704 4282 Handius
726 4228 860 4281 Obseruat.
878 4240 908 4298 p.
931 4243 960 4278 21
982 4238 1007 4280 et
1031 4225 1172 4282 Gualterus
1193 4226 1298 4283 holos·

148 4296 159 4348 1
175 4305 356 4366 notescatque
370 4299 393 4366 (1
408 4300 495 4353 rubris
506 4302 600 4355 titteris
611 4298 746 4369 scriptum)
760 4296 812 4351 La¹
950 4297 1298 4368 Noctescatquecec.1³r.

148 4366 350 4437 Notescamque
364 4370 396 4424 G.

183 4454 214 4502 ⁵1
231 4437 300 4507 (49).
330 4446 389 4499 Nec
407 4440 477 4495 coctu.
601 4439 645 4494 Ne
659 4440 722 4495 Ati.
736 4442 758 4493 1.
771 4438 847 4510 uulgo
858 4450 919 4494 ante
931 4439 1081 4494 Santonium
1200 4445 1298 4496 texens
