2872 5002
248 349 309 408 290
654 343 710 406 DE
738 342 1000 408 PARTITIONE

290 512 443 575 Hactenus
467 513 505 572 de
526 513 617 572 trihus
641 513 798 589 generibus
824 512 996 573 carminum.
1040 509 1213 572 Ceterorum
1237 510 1311 571 haec
1335 521 1401 575 sunt

247 629 364 688 genera.
1130 623 1136 632 ·

288 720 319 768 A.
355 707 534 786 Aequalium

331 805 377 884 (1)
398 806 538 869 Carmina
561 807 680 883 paribus
701 824 818 882 semper
840 805 976 881 strophis,
1000 803 1064 864 he.
1089 805 1218 864 eundem
1246 823 1400 869 numerum

451 923 588 965 uersuum
622 904 796 966 habentibus
831 903 892 963 VII
931 903 1020 964 XXX
1058 902 1195 962 XXXIII
1235 903 1292 962 XL
1331 903 1400 966 XLI

451 1002 592 1063 XLVIH.

328 1101 373 1183 (a)
394 1101 533 1165 Carmina
547 1101 671 1163 duarum
684 1101 869 1177 stropharum
882 1101 997 1176 parium
1012 1101 1065 1160 sed
1085 1118 1148 1159 non
1161 1101 1270 1160 eodem
1286 1119 1400 1176 semper

449 1201 541 1260 modo
566 1201 725 1260 diuisarum
749 1200 779 1256 in
803 1202 942 1272 περικοπὰς
970 1198 1059 1258 XVII
1088 1199 1221 1259 XXXVI
1251 1199 1399 1260 XXXVII

451 1298 547 1359 XLII.

327 1398 372 1478 (3)
393 1398 533 1459 Carmina
552 1398 638 1457 trium
659 1397 842 1474 stropharum
863 1396 978 1473 parium
999 1397 1052 1456 sed
1072 1414 1134 1456 non
1154 1397 1263 1457 eodem
1285 1416 1399 1475 semper

449 1496 543 1557 modo
556 1497 714 1557 diuisurum
728 1497 759 1555 ln
773 1499 911 1570 περικοπὰς
925 1495 1060 1556 XXVIII
1074 1495 1201 1555 XXXV.

286 1631 315 1679 Β.
357 1621 572 1698 Aequabilium,
587 1618 615 1678 h.
627 1638 653 1678 e.
668 1629 761 1679 ratam
775 1619 997 1696 proportionem
1010 1619 1189 1677 habentium.

326 1744 351 1778 a.
373 1717 418 1797 (ι)
439 1718 587 1789 Carmina,
602 1718 651 1778 ubi
672 1719 783 1794 primus
804 1735 943 1776 numerus
963 1718 1122 1794 respondet
1143 1716 1285 1788 secundo,
1300 1718 1398 1775 tertius

490 1827 603 1895 quarto.
632 1817 646 1875 I
662 1816 692 1874 II
708 1815 785 1874 Xlll
800 1815 873 1873 XVI
888 1814 1000 1874 XXIV.

365 1915 411 1994 (a)
435 1914 494 1973 Vbi
518 1916 629 1991 primus
651 1933 790 1973 numerus
812 1913 970 1990 respondet
995 1914 1088 1978 tertio,
1113 1913 1261 1972 secundus
1284 1925 1396 1990 quarto.

488 2012 533 2070 IV
547 2013 593 2071 IX
607 2012 667 2072 XII
683 2012 740 2071 XV
755 2013 828 2071 XXI
843 2012 945 2071 XXXI
961 2011 1055 2070 LVII.

323 2117 352 2178 β.
415 2111 554 2173 Carmina
567 2113 597 2170 in
612 2123 668 2173 tres
683 2124 779 2188 partes
794 2112 896 2181 diuisa,
911 2129 1035 2188 quarum

365 2207 410 2291 (3)
431 2212 526 2288 prima
539 2212 700 2288 respondet
713 2211 812 2269 tertiae
827 2209 947 2268 XXXII
962 2208 1126 2267 XXXVIII
1142 2208 1241 2267 XLVI
1257 2208 1324 2269 LII.

365 2308 410 2387 (4)
433 2310 527 2386 prima
540 2310 700 2388 respondet
714 2309 860 2369 secundae
878 2306 997 2366 XXVII
1018 2306 1152 2365 XXXIX
1173 2306 1258 2365 XLV
1280 2308 1396 2368 XLVII

487 2407 566 2468 LVI.

365 2504 410 2585 (5)
432 2507 562 2567 secunda
576 2508 736 2584 respondet
749 2509 848 2566 tertiae
863 2505 972 2565 XLIX.

364 2603 410 2684 (6)
432 2605 569 2682 Singulae
593 2606 633 2665 ita
658 2624 689 2665 se
714 2606 858 2682 gradatim
883 2605 1032 2681 excipiunt
1058 2612 1090 2662 ut
1117 2605 1232 2662 numeri
1261 2605 1308 2663 uel
1337 2616 1396 2665 rata

487 2705 615 2782 quadam
629 2690 818 2782 proportione
832 2715 964 2763 crescant
978 2703 1025 2763 uel
1040 2703 1206 2761 minuantur
1220 2702 1245 2760 L
1260 2703 1324 2763 LV.

323 2826 349 2875 γ.
433 2802 547 2862 Cetera.
590 2804 633 2861 XI
669 2803 772 2861 XXVI
808 2802 941 2861 XXXIV
972 2800 1074 2860 XLIII
1109 2800 1150 2859 Ll
1183 2802 1258 2860 LIII
1292 2802 1392 2861 LVIII

487 2901 558 2959 LIX
574 2901 636 2959 LX.

475 3089 510 3147 A.
537 3108 561 3147 1.
604 3088 742 3148 Carmina
756 3090 873 3166 paribus
888 3108 1004 3165 semper
1019 3089 1154 3166 strophis.

179 3242 183 3248 ’
281 3219 314 3278 C.
332 3219 392 3277 Vll
406 3220 436 3277 in
451 3239 502 3279 sex
518 3222 652 3298 strophas
672 3224 749 3282 cadit
768 3211 904 3282 blnorum
919 3240 1056 3281 uersuum
1072 3222 1100 3301 (2
1114 3240 1136 3283 x
1148 3221 1186 3300 6).
1231 3223 1332 3282 Simile
1353 3233 1395 3281 est

240 3317 335 3394 Priap.
350 3317 469 3376 XXXII
493 3318 559 3376 Vuis
572 3321 685 3378 arziit'or
693 3322 787 3395 puella
804 3323 900 3396 possis
921 3319 1011 3378 Buxo
1025 3320 1164 3393 pallidior
1178 3341 1304 3396 nouoque
1323 3342 1392 3391 cero,

239 3416 320 3493 quod
334 3426 446 3493 septem
462 3418 596 3494 strophas
611 3417 699 3478 habet
713 3420 849 3478 binorum
865 3417 894 3497 (a
907 3436 929 3479 x
941 3415 978 3496 7).

280 3514 325 3571 De
340 3535 365 3573 c.
380 3515 467 3574 XXX
482 3517 543 3575 dixi
557 3518 616 3575 iam
631 3517 669 3575 ad
683 3517 790 3575 locum.
826 3516 872 3574 Ex
887 3517 953 3586 hoc,
969 3514 1102 3573 nondum
1116 3514 1199 3574 lectis
1213 3535 1291 3593 quae
1307 3518 1344 3576 de
1358 3536 1392 3577 eo

237 3613 414 3689 scripserant
429 3615 543 3690 Anglus
565 3615 594 3672 in
617 3614 742 3692 Ephem.
758 3614 850 3673 Class.
866 3613 918 3671 IV.
937 3627 1003 3689 297,
1018 3612 1085 3671 XV.
1101 3627 1167 3686 107,
1184 3613 1392 3674 Lachmannus

237 3712 268 3768 ln
284 3710 401 3789 Bergkii
416 3725 444 3771 et
458 3713 592 3773 Caesaris
612 3714 691 3773 Diar.
709 3714 808 3790 Antiq.
828 3716 914 3786 1845,
931 3731 959 3788 p.
976 3731 1044 3786 492,
1059 3722 1192 3788 putaram
1214 3732 1310 3772 unum
1330 3732 1392 3771 uer·

238 3827 304 3867 sum
319 3822 386 3886 post
403 3831 419 3886 3
435 3813 596 3884 excidisse;
618 3814 648 3872 id
663 3816 768 3873 sinere
784 3824 845 3871 tum
861 3811 1024 3887 suspicatus
1044 3809 1202 3888 sum-(et
1217 3812 1311 3887 potui,
1326 3829 1392 3870 nam

238 3906 386 3967 Theocriti
402 3911 534 3978 Ἠλωιάτη
553 3909 633 3984 quod
655 3911 761 3970 eodem
782 3921 877 3970 metro
899 3910 1038 3985 scripturn
1060 3919 1112 3978 est,
1127 3926 1189 3966 non
1213 3919 1312 3986 potest
1333 3911 1391 3965 κατὰ

235 4006 282 4062 δύο
297 4007 435 4075 distribui,
450 4017 494 4063 est
508 4007 587 4064 enim
605 4021 640 4080 25
655 4008 985 4087 uersuuml-carminis
1007 4007 1080 4065 duae
1103 4017 1170 4064 sunt
1184 4017 1293 4082 partes,
1308 4024 1391 4066 seno·

236 4120 300 4160 rum
315 4114 460 4180 utraeque,
476 4104 581 4179 quibus
595 4105 781 4182 interpositus
796 4115 840 4163 est
854 4122 929 4164 unus
944 4107 1057 4181 ἐνμέσῳ

361 4218 442 4276 Eheu
461 4219 663 4295 qurdsacr'on!‚
685 4219 751 4291 dr'ce,
773 4220 895 4277 homims
916 4222 995 4277 curiae
1015 4219 1135 4276 habeant
1145 4218 1264 4292 fidem?

235 4332 324 4392 Nunc
343 4350 411 4393 cum
430 4332 623 4395 Lachmanno
643 4347 671 4394 et
687 4334 870 4412 Westphalio
884 4333 926 4413 lp.
945 4333 1014 4413 271)
1037 4331 1158 4410 Sappho
1180 4333 1227 4393 uel
1249 4333 1387 4392 Alcaeum

235 4429 382 4489 Catullum
406 4429 453 4490 hIc
479 4432 622 4496 imitatum
647 4433 779 4494 arbitror.
828 4432 931 4510 Itaque
955 4435 1018 4489 κατὰ
1039 4432 1086 4490 δύο
1107 4431 1247 4502 distribui
1272 4433 1326 4492 sed
1345 4433 1387 4499 ita,
