2872 5002
369 301 573 362 ADDENDA
593 300 932 363 PROLEGOMENIS.
1166 305 1226 362 353

427 533 747 596 PROLEGOMENA
767 553 797 612 p.
812 534 869 594 viii.

111 676 165 736 Est
187 686 285 736 tamen
307 676 391 737 locus
412 676 519 736 Dantis
539 677 570 734 in
591 694 652 751 quo
676 673 802 752 Nuptias
826 672 905 732 Pelei
926 681 956 731 et
976 670 1111 731 Thetidis
1136 669 1226 747 quod,

70 793 190 834 carmen
218 775 400 850 Argonautia
427 775 600 851 inscriptum
628 782 672 832 est
700 773 730 830 in
758 771 919 838 codicibus,
945 770 1069 830 sortasse
1089 771 1227 846 respexit.

72 873 175 934 Parad.
191 872 330 933 XXXIII

313 995 364 1056 Un
384 1005 477 1073 punto
499 997 563 1055 solo
585 995 626 1054 mi
647 994 664 1054 ὲ
685 995 820 1071 maggior
840 993 952 1069 letargo

314 1094 379 1155 Che
399 1095 587 1170 uenticinque
608 1094 698 1154 secoli
719 1094 775 1153 alla
795 1093 922 1171 impresa

316 1193 379 1253 Che
401 1193 428 1253 fe
450 1193 583 1253 Nettuno
603 1192 740 1252 ammiror
760 1192 789 1251 la
809 1192 913 1251 ombra
934 1192 963 1251 di
985 1191 1077 1266 Argo.

70 1312 116 1373 Cf.
132 1313 196 1375 Cat.
211 1313 319 1376 LXIV.
338 1332 445 1391 11-15,
460 1334 537 1393 quos
550 1332 653 1376 uersus
668 1315 738 1375 citat
759 1314 880 1375 Careius
901 1315 932 1374 in
953 1313 1166 1375 commentario
1187 1310 1227 1370 ad

70 1412 179 1473 locum.

432 1577 751 1640 PROLEGOMENA
765 1597 795 1655 p.
810 1578 866 1638 xiv.

113 1724 205 1784 Simili
229 1727 320 1785 modo
345 1726 416 1786 dixit
439 1725 582 1786 Ricardus
603 1726 753 1787 Buriensis
777 1744 831 1786 seu
853 1726 919 1802 quis
947 1725 1019 1785 alius
1046 1733 1149 1784 auctor
1172 1720 1226 1780 luit

71 1823 215 1883 Philobib.
230 1825 347 1902 Prolog.
364 1825 425 1897 Quo
438 1827 480 1902 fit
498 1832 532 1884 ut
548 1826 634 1884 lateat
655 1827 686 1883 in
708 1825 831 1883 obscuris
850 1825 959 1883 candala
978 1825 1071 1882 ur'rtus
1089 1823 1179 1892 clara,
1194 1826 1228 1879 u!

69 1922 164 1980 uerbis
184 1923 343 1983 alludamus
363 1923 483 1994 Boethii,
501 1929 527 1981 el
537 1924 662 1981 ardentes
682 1924 809 1982 lucernae
829 1941 883 1981 non
897 1928 1044 1999 ponuntur
1056 1920 1108 1980 sub
1128 1919 1224 1990 modat,

70 2020 121 2077 red
130 2022 220 2097 itaque
226 2031 298 2096 prae
312 2024 414 2099 defectu
427 2022 482 2080 olei
486 2023 598 2098 pentius
610 2021 840 2099 exstinguuntur.

419 2268 740 2330 PROLEGOMENA
760 2287 790 2346 p.
806 2269 871 2328 xvii

113 2418 229 2478 Incerta
250 2430 318 2479 suut
341 2437 417 2496 quae
438 2439 475 2479 ex
493 2419 682 2496 Pastrengico
703 2418 801 2496 colligi
825 2436 913 2496 posse
936 2418 1102 2477 arbitrabar.
1144 2413 1225 2475 Nam

70 2518 168 2577 codex
190 2517 367 2594 Pastrengici
387 2518 586 2595 autographus
607 2517 653 2579 uel
673 2529 749 2578 certe
772 2517 955 2595 synchronus
976 2516 1118 2576 Venetiae
1139 2515 1169 2573 in
1193 2511 1222 2572 S.

70 2615 165 2673 Marci
193 2616 369 2676 bibIIotheca
393 2613 471 2697 [Lat.
494 2613 588 2675 Class.
610 2615 647 2674 X.
669 2635 696 2675 u.
721 2611 774 2697 51]
795 2615 966 2674 adseruatus
991 2615 1042 2673 fol.
1064 2629 1103 2688 50
1124 2613 1223 2673 arida

70 2715 158 2772 modo
167 2716 291 2789 pumice
304 2714 380 2775 clare
394 2714 520 2785 exhibet,
535 2723 608 2773 teste
623 2711 783 2774 Behrensio
798 2713 964 2789 Prolegom.
978 2731 1008 2790 p.
1023 2713 1071 2772 lix.

425 2971 745 3033 rnoraconrrun
766 2992 795 3053 p.
810 2974 869 3033 xix.

110 3138 230 3198 Parcius
244 3140 448 3217 transcriptum
463 3138 568 3199 Catulli
583 3137 717 3199 codicem
731 3139 820 3200 fuisse
834 3149 903 3198 ante
917 3157 1027 3199 annum
1043 3157 1121 3212 1400
1135 3138 1225 3198 etiam

68 3238 139 3297 illud
154 3235 279 3296 declarat
290 3236 371 3313 quod
385 3236 534 3296 Antonius
548 3236 737 3298 Beccadellus
752 3238 920 3297 Panormita
931 3238 961 3296 in
972 3238 1045 3297 libro
1056 3236 1224 3313 Elegiarum

68 3354 159 3413 quem
173 3333 456 3412 Hermaphroditum
470 3336 623 3413 Inscripsit,
639 3337 753 3413 scripsit
769 3346 867 3397 autem
887 3337 1006 3397 ineunte
1024 3334 1141 3395 saeculo
1156 3332 1222 3405 XV,

67 3450 239 3512 quanquam
256 3432 403 3493 Catullum
422 3451 510 3510 saepe
529 3434 657 3494 imitatus
671 3443 724 3507 est,
739 3435 770 3493 in
789 3432 921 3496 secundo
936 3445 1034 3494 tamen
1054 3433 1129 3492 libro
1149 3430 1223 3491 haec

69 3531 245 3593 testificatur.

232 3644 281 3705 Ad
303 3644 412 3705 Galeaz
433 3664 522 3721 quem
543 3659 607 3706 orat
627 3657 660 3707 ut
680 3648 736 3708 sibi
757 3647 905 3708 Catullum
926 3647 1062 3706 inueniat.

190 3743 298 3814 Ardea,
319 3744 360 3801 mi
382 3742 502 3816 Galeaz,
524 3746 643 3805 mollem
664 3747 789 3824 reperire
810 3745 959 3806 Catullum

231 3841 272 3901 Vt
293 3841 405 3919 possim
428 3842 565 3901 dominae
587 3845 715 3922 moriger
735 3863 801 3905 esse
821 3862 914 3903 meae.

191 3938 315 3999 Lectitat
336 3939 384 3998 illa
404 3939 498 4000 libens
520 3950 638 4002 teneros
659 3942 769 4003 lasciua
789 3952 903 4018 poetas,

232 4038 270 4096 Et
290 4037 416 4115 praefert
437 4056 585 4112 numeros,
607 4040 693 4099 docte
710 4040 832 4111 Catulle,
850 4050 925 4098 tuos.

191 4133 296 4213 Nuper
314 4147 343 4195 et
364 4136 422 4196 hoc
443 4138 496 4197 abs
518 4156 566 4198 me
586 4139 678 4198 rnulta
698 4156 785 4215 prece
806 4137 913 4196 blanda
933 4135 1079 4213 poposcit,

231 4235 320 4294 Forte
341 4252 429 4295 suurn
449 4244 549 4295 uatem
570 4255 618 4296 me
639 4254 731 4312 penes
752 4253 817 4295 esse
838 4246 953 4313 putans.

192 4332 263 4392 Non
282 4344 370 4394 teneo
390 4334 478 4406 hunc,
500 4334 568 4407 dixi,
590 4352 657 4394 mea
676 4334 736 4406 lux,
758 4351 825 4393 mea
846 4333 994 4411 Nympha,
1008 4331 1147 4399 libellum,

233 4431 269 4493 ld
290 4445 390 4494 tamen
410 4433 535 4493 efficiam
557 4431 656 4493 forsan
676 4432 798 4492 habebis
819 4450 904 4509 opus.

624 4551 642 4590 u
656 4549 674 4590 a
