2872 5002
576 331 945 396 PROLEGOMENA.

263 567 389 609 rhomen
409 568 481 609 ruat
502 569 633 612 PRIORES·

139 703 195 765 3ο7
219 687 277 748 His
292 708 399 768 corpus
412 691 566 750 tremulum

139 806 195 862 291
219 786 373 846 Flammati
388 787 578 850 Phaethontis

140 900 198 961 175
221 886 425 963 Purpureaquc
439 887 543 963 procul

140 999 198 1058 259
221 984 290 1042 Pars
303 985 430 1043 obscura
444 985 524 1042 cauis

141 1070 198 1155 143
221 1081 299 1141 Cum
313 1082 441 1158 primum
454 1081 547 1140 inflati

141 1193 198 1252 117
221 1179 368 1264 Carhasus
382 1180 538 1238 obscurata

141 1296 198 1338 111
224 1276 371 1353 Sospitem
385 1276 581 1336 Erechtheum
650 1327 652 1331 ,

143 1390 201 1451 195
224 1376 294 1435 Huc
308 1375 365 1434 huc
380 1376 536 1435 aduentare

144 1490 201 1550 179
223 1475 402 1534 Discernens
416 1475 499 1550 ponti

144 1575 202 1648 163
224 1572 411 1651 Purpureaue
425 1582 508 1631 tuum

144 1686 200 1745 147
224 1671 283 1729 Sed
299 1670 385 1729 simul
400 1688 434 1729 ac
449 1671 572 1746 cupidae

144 1789 199 1845 131
223 1769 389 1846 Frigidulos
404 1770 465 1829 udo

146 1883 203 1943 115
226 1868 313 1926 Tecti
326 1867 510 1926 frustraretur

164 1986 202 2042 99
225 1965 361 2037 Quantos
376 1965 423 2022 illa
438 1965 501 2023 tulit

164 2067 203 2140 83
225 2063 340 2123 Funera
355 2063 516 2140 Cecropiae

164 2166 201 2237 67
224 2162 321 2239 Ipsius
336 2172 402 2220 ante
417 2161 509 2238 pedes

164 2274 200 2334 51
226 2258 361 2317 Heroum
376 2260 449 2318 mira
463 2259 584 2317 uirtutes

165 2373 204 2433 35
226 2357 378 2417 Deseritur
393 2356 500 2433 Scyros

167 2475 204 2532 19
228 2456 308 2515 Tum
323 2455 457 2515 Thetidis
471 2455 577 2515 Peleus

185 2575 203 2631 3
226 2555 371 2615 Phasidos
386 2553 424 2613 ad
437 2555 543 2614 fluctus

826 569 952 611 saumas
972 569 1094 611 svam
1115 567 1325 613 Posrzmous.

762 695 820 767 308
843 690 979 751 Candida
992 709 1142 768 purpurea

762 808 819 865 191
843 789 929 849 Haec
943 790 1054 849 circum
1068 789 1157 849 sedes

762 889 820 961 176
843 888 892 948 Sic
906 898 969 946 tum
982 887 1118 962 uestibuli
1131 936 1134 943 ,

767 988 824 1043 260
847 985 940 1062 Orgia
953 1004 1030 1062 quae
1045 984 1152 1044 frustra

765 1101 823 1156 144
844 1083 1039 1160 Praecipitem
1052 1101 1119 1142 sese

704 1201 708 1208 ·
763 1184 819 1240 228
843 1180 935 1253 Quod
949 1181 1001 1240 tibi
1016 1181 1040 1240 si
1054 1181 1149 1241 sancti

768 1296 825 1336 111
848 1277 986 1355 Namque
1000 1277 1097 1338 semnt
1110 1278 1182 1337 olim

770 1377 826 1451 196
849 1376 932 1449 Quas
946 1395 1004 1453 ego
1018 1395 1073 1436 uae
1087 1377 1212 1435 miserae

773 1478 830 1534 180
851 1475 900 1533 An
914 1476 1004 1555 patris
1018 1476 1157 1534 auxilium

772 1576 827 1645 164
850 1573 910 1632 Sed
930 1573 1001 1651 quid
1015 1592 1072 1651 ego
1085 1574 1197 1649 ignaris

769 1674 825 1744 148
847 1671 934 1741 Dicta
947 1671 1017 1730 nihil
1031 1682 1163 1731 metuere

769 1789 825 1846 131
849 1770 965 1829 Siccine
980 1790 1030 1831 me
1046 1771 1147 1847 patriis

772 1871 828 1927 116
852 1868 911 1928 Sed
925 1868 996 1945 quid
1009 1887 1066 1946 ego
1081 1887 1098 1928 a
1111 1870 1207 1945 prima

771 1985 829 2025 100
850 1967 971 2039 Quanto
985 1985 1073 2044 saepe
1088 1968 1184 2044 magis

788 2067 827 2136 84
850 2065 948 2142 Atque
962 2066 1002 2124 ita
1015 2083 1091 2123 naue
1106 2063 1164 2122 leui

786 2164 824 2220 68
848 2162 898 2222 Set
912 2181 1007 2240 neque
1021 2172 1085 2221 tum
1098 2163 1201 2222 mitrae

789 2274 826 2334 52
850 2260 987 2337 Namque
1002 2260 1180 2320 fluentisono

792 2362 830 2434 36
853 2358 1079 2435 Crannonisque
1094 2358 1203 2418 domos

794 2475 831 2515 1ο
853 2457 933 2515 Tum
948 2457 1052 2522 Thetis
1065 2456 1212 2516 humanos

809 2575 826 2628 4
849 2555 927 2614 Cum
940 2555 1006 2614 lecti
1018 2556 1148 2615 iuuenes.

178 2778 331 2854 Pergimus
345 2778 383 2837 ad
397 2777 488 2847 Attin,
504 2776 618 2835 adiecto
632 2778 716 2837 titulo
730 2795 755 2867 e.
771 2776 871 2835 LXIV
885 2777 935 2854 qui
948 2776 1035 2836 unius
1048 2794 1151 2836 uersus
1165 2778 1258 2837 instar
1272 2779 1368 2839 habet.

275 3042 402 3084 PAGlNAE
424 3042 497 3083 [ΜΔΕ
517 3043 647 3085 emortus.

166 3176 202 3233 81
228 3174 294 3249 Age
309 3174 401 3233 caede
416 3182 498 3250 terga
511 3175 606 3233 cauda

166 3275 205 3348 65
227 3271 302 3330 Mihi
316 3274 420 3331 ianuae
435 3272 604 3350 frequentes

166 3390 205 3445 49
227 3370 353 3428 Patriam
368 3371 494 3430 allocuta
508 3382 620 3430 maesta
634 3383 679 3431 est

166 3490 183 3546 3
188 3490 204 3545 3
226 3468 325 3528 Veluti
339 3469 464 3527 iuuenca
477 3470 573 3528 uitans

168 3583 203 3644 17
227 3567 266 3626 Et
280 3585 387 3644 corpus
402 3568 535 3628 euirastis

190 3687 202 3724 1
228 3666 322 3743 Super
336 3666 393 3725 alta
407 3677 509 3726 uectus
524 3667 602 3727 Attis

844 3046 970 3088 saumas
990 3046 1110 3088 svam
1129 3047 1333 3091 Posrmonas.

794 3181 831 3236 82
854 3178 932 3236 Face
947 3187 1053 3237 cuncta
1066 3179 1208 3255 mugienti

794 3280 832 3335 66
855 3276 930 3335 Mihi
944 3275 1055 3337 floridis
1069 3277 1187 3336 corollis

794 3391 833 3448 50
854 3375 950 3433 Patria
964 3373 993 3435 Ο
1007 3375 1065 3433 mei
1080 3377 1201 3434 creatrix

794 3493 831 3549 34
854 3472 988 3550 Rapidae
1003 3473 1109 3532 ducem
1123 3482 1262 3534 secuntur

801 3576 835 3629 18
859 3571 990 3631 Hilarate
1004 3590 1070 3631 aere
1084 3572 1178 3631 citatis

818 3691 832 3729 2
856 3671 1014 3748 Phrygium
1029 3681 1060 3729 ut
1074 3689 1178 3730 nemus
1192 3673 1281 3733 citato

186 3859 302 3929 Deinde
316 3869 353 3927 ad
368 3887 486 3927 carmen
500 3868 637 3945 nuptiale,
652 3868 734 3945 quod
754 3887 791 3928 ex
813 3872 944 3931 uersibus
962 3874 997 3946 76
1013 3882 1148 3931 constare
1163 3871 1293 3933 iacimus.
1338 3871 1372 3932 At

146 3967 260 4027 dendus
275 3978 319 4027 est
332 3967 430 4026 titulus
444 3968 580 4026 carminis
593 3965 707 4025 LXIII.

274 4243 399 4284 PAGINAE
419 4244 493 4286 luha
515 4243 645 4287 mom.

149 4359 185 4416 61
203 4356 268 4435 (53)
304 4357 392 4418 Hanc
407 4359 477 4420 nulli
492 4361 638 4437 agricolae

843 4247 968 4290 PAGINAE
989 4249 1109 4290 SVMMAE
1131 4248 1335 4291 Possumus·

773 4363 812 4436 63
827 4358 892 4441 (54)
928 4364 968 4422 At
982 4363 1006 4422 si
1022 4362 1094 4422 sorte
1109 4363 1215 4422 eadem
1230 4373 1275 4422 est
