2872 5002
428 335 657 396 CARMINVM
687 334 880 397 CATVLLI.
1167 338 1226 395 225

72 503 151 557 κοινά.
196 505 268 557 Κατὰ
289 504 381 576 στίχον
404 506 451 575 μάν
472 506 524 562 ὅσα
547 506 598 564 ύπδ
621 509 669 562 τοῦ
690 507 768 561 αὐτοῦ
794 505 888 577 μέτρου
916 505 1115 576 καταμιτρεῖται,
1140 501 1174 560 αἰς
1195 503 1228 558 τὰ

71 697 107 770 ὣς
120 701 151 753 τὸ
166 700 356 770 Καλλιμάχειον
369 704 446 756 τοῦτο
459 703 609 772 ποιημάτων

481 833 497 903 ἡ
518 839 577 892 παῖς
597 835 613 904 ἢ
634 837 816 890 κατάκλειστος

481 933 527 1001 τὴν
547 936 571 986 ol
592 936 662 1002 φασὶ
681 935 796 989 rethma

72 1065 263 1135 καταμετριῖται
295 1063 346 1136 γάρ
372 1063 422 1118 {mh
450 1065 577 1135 κόμματος
604 1064 817 1132 άντισποστικοῦ,
845 1059 1002 1130 καλουμένου
1036 1059 1225 1132 Φιρικρατιάαυ.

72 1161 252 1230 Συστηματιτδ
275 1160 302 1215 δι’
323 1159 375 1216 ὅσα
395 1162 444 1216 ύπδ
464 1164 590 1218 πλειόνων
609 1161 708 1234 μέτρον
725 1162 761 1218 ele
780 1159 807 1215 ἓν
821 1164 896 1229 σῶμα
909 1157 1130 1231 παραληφθέντων
1150 1179 1226 1212 κατο-

71 1261 202 1328 μςτριῖτιιι
215 1258 230 1327 ἢ
245 1262 447 1332 συμπληροῦται.
490 1261 574 1314 Murri
588 1261 616 1315 δὲ
630 1261 681 1316 ὅσα
701 1257 778 1332 με’ρος
796 1257 881 1329 μάντι
895 1257 949 1328 ἔχει
970 1257 1019 1312 ύπδ
1039 1253 1132 1327 στίχου
1150 1277 1227 1311 κατο-

71 1355 251 1429 μςτρούμτνον,
276 1357 353 1430 μέρος
380 1358 409 1411 δὲ
436 1363 632 1428 συστηματικόν.
676 1358 754 1412 Κοινὰ
779 1357 806 1411 δὲ
834 1355 885 1412 ὅσα
912 1355 963 1410 ῦπδ
991 1352 1156 1424 συστήματος
1181 1354 1228 1423 μὲν

72 1457 271 1526 καταμετριῖται,
293 1455 355 1509 αύτδ
377 1454 404 1508 δι’
429 1456 459 1509 τδ
483 1453 605 1526 σύστημα
632 1457 686 1527 ἔχει
712 1452 896 1528 πληρούμενον,
925 1447 967 1506 οἶά
993 1452 1051 1507 ε’στι
1078 1450 1111 1507 τά
1136 1451 1165 1506 ἰν
1191 1455 1228 1526 τῷ

72 1551 184 1626 δευτέρην
205 1554 245 1607 καὶ
266 1550 343 1627 τρῖτιμ
364 1554 495 1624 Σαπφοῦς,
510 1553 537 1608 ἔν
550 1549 589 1609 οἶς
602 1557 791 1625 κοταμιτριῑται
811 1553 858 1623 μὶν
878 1552 928 1606 ῦπδ
942 1547 1079 1621 διστιχίας,
1093 1549 1155 1620 αῦτη
1170 1549 1228 1619 δέη

72 1648 192 1721 διστιχια
205 1648 280 1721 ὁμοία
294 1648 358 1706 ἐστι’.
402 1648 448 1707 Ex
465 1647 511 1708 his
530 1662 650 1727 apparet
672 1648 924 1727 Hephaestionem
945 1655 1103 1723 systemata
1121 1646 1151 1704 in
1166 1663 1228 1704 car-

73 1747 202 1806 minibus
216 1750 279 1803 κοτὰ
293 1747 386 1821 στίχον
399 1748 581 1824 compositis,
596 1748 692 1826 qualia
706 1746 810 1806 Catulli
828 1755 896 1805 sunt
917 1744 975 1804 iere
997 1743 1105 1816 omnia,
1120 1745 1150 1802 in
1164 1744 1229 1802 uni·

72 1863 195 1904 uersum
217 1863 278 1904 non
308 1845 458 1921 posuisse;
489 1846 623 1923 quamuis
651 1856 749 1905 essent
770 1853 907 1921 poemata
931 1843 981 1902 ubi
1007 1861 1075 1902 cum
1096 1843 1227 1901 uersibus

73 1946 137 1999 κατὰ
152 1943 244 2016 στίχον
256 1943 464 2002 alternarentur
477 1945 652 2021 systematici
670 1942 781 2020 (μικτά),
795 1951 894 2003 essent
915 1942 1003 2001 etiam
1023 1942 1073 2000 ubi
1094 1941 1145 2019 qui
1166 1941 1228 2001 aliis

72 2043 138 2097 κατὰ
172 2040 265 2114 στίχον
298 2040 392 2114 diuisi,
427 2042 489 2102 aliis
523 2045 587 2100 κατὰ
622 2043 743 2113 σύστημα
776 2040 942 2120 uiderentur
977 2037 1081 2118 (κοινά).
1143 2039 1228 2101 Idem

73 2148 173 2197 tamen
188 2139 218 2196 in
232 2139 323 2199 altero
337 2140 411 2199 libro
431 2159 520 2218 quem
540 2142 599 2215 περὶ
619 2141 759 2212 ποιήματος
779 2139 892 2217 scripsit
913 2139 1084 2216 pleniorem,
1099 2149 1227 2216 systema

73 2235 160 2295 latius
179 2238 221 2296 sic
243 2237 372 2313 definit§
390 2255 446 2312 119
461 2238 581 2310 σύστημά
602 2240 660 2295 ι’στι
680 2238 779 2312 μέτρων
800 2237 946 2312 συναγωγή,
960 2241 1016 2308 ἤτοι
1037 2237 1083 2293 δύο
1103 2237 1118 2308 ἢ
1138 2241 1228 2295 πλιιδ·

74 2359 132 2406 νων,
154 2335 168 2406 ἦ
189 2338 283 2406 ὁμοίων
302 2336 317 2405 ἢ
338 2334 470 2407 ἀνομοίων
498 2336 623 2406 ἀνομοίων
643 2337 697 2406 μέν,
713 2337 746 2394 ὡς
766 2338 797 2392 τά
818 2337 927 2408 ι’λςγςῖα,
941 2335 1079 2408 ἔξαμίτρου
1098 2337 1149 2408 γάρ
1170 2335 1227 2390 ι’στι

72 2436 139 2506 πρὸς
159 2434 332 2505 πεντάμετρον
352 2431 467 2488 κοινωνία
487 2435 528 2488 καλ
547 2435 572 2488 oi
593 2433 698 2509 ι’πηιδοί·
730 2435 760 2489 τδ
781 2435 810 2489 δὲ
830 2434 860 2504 ἒξ
880 2433 982 2503 ὁμοίων,
1004 2433 1038 2490 ὧς
1057 2433 1089 2487 τδ
1109 2430 1229 2505 δεύτερον

74 2534 208 2603 Σαπφοῦς,
225 2533 260 2588 ὣς
278 2535 410 2603 προϊόντες
428 2531 552 2602 δείξομεν.
596 2530 686 2602 Quod
708 2532 749 2590 sic
770 2531 864 2608 pergit
885 2529 978 2589 facere
993 2528 1008 2605 §
1026 2548 1084 2588 120
1109 2532 1178 2585 κοινὰ
1199 2532 1228 2585 δι’

73 2633 161 2702 γτνιιιὰ
179 2631 245 2703 άπερ
264 2632 304 2685 καὶ
319 2633 333 2685 θ
347 2626 410 2684 kar&
425 2630 518 2701 στίχον
530 2632 677 2704 γεγράφθω
696 2633 806 2703 φάσκων
827 2633 903 2703 ὑγιῶς
924 2631 955 2686 δν
974 2630 1047 2703 λέγοι
1068 2631 1108 2685 καὶ
1129 2633 1143 2685 θ
1164 2632 1228 2685 κατὰ

75 2726 204 2798 σύστημα,
219 2729 253 2783 ὡς
267 2729 296 2782 τδ
310 2725 428 2799 διύτερον
441 2728 481 2781 καὶ
494 2729 582 2800 τρίτον
594 2731 726 2800 Σαπφοῦς.
769 2729 817 2784 Διὰ
831 2730 878 2798 μὶν
891 2727 942 2801 γάρ
960 2730 990 2783 τδ
1012 2728 1040 2782 ἐν
1058 2731 1112 2785 τοῖς
1132 2730 1227 2784 παλαι-

75 2827 113 2882 οῖς
126 2825 295 2898 ἀντιγράφοις
315 2825 379 2879 κατὰ
399 2822 446 2879 δύο
466 2826 530 2897 ὁρᾷν
541 2826 786 2898 παραγιγραμμένον
800 2826 910 2882 ἕκαστον
921 2821 994 2897 ᾆσμα
1015 2827 1056 2880 καὶ
1077 2826 1115 2879 ἔτι
1135 2826 1177 2880 διὰ
1197 2828 1228 2881 τὸ

73 2924 154 2993 μηδὲν
173 2921 339 2994 εὑρίσκεσθαι
360 2922 467 2995 ἀριθμοῦ
486 2927 615 2995 περιττοῦ,
636 2925 699 2978 κατὰ
720 2923 874 2994 συστήματα
895 2921 1028 2994 νομίζομεν
1047 2924 1112 2978 αὐτὰ
1131 2926 1227 2997 γεγρά-

74 3021 148 3093 φθαι·
174 3023 254 3076 πάλιν
278 3021 306 3076 δά
329 3023 365 3095 τῷ
388 3019 476 3090 ὅμοιον
497 3021 616 3092 ἑκάτερον
637 3016 699 3076 εἶναι
722 3027 774 3076 τῶν
797 3022 825 3076 άν
848 3024 879 3091 τῇ
904 3022 977 3076 δυάδι
1002 3019 1101 3093 στίχων
1126 3023 1167 3078 καλ
1190 3026 1228 3098 τῷ

74 3118 200 3175 δύνασθαι
227 3119 273 3188 τὴν
298 3119 431 3191 ποιητρίαν
454 3119 518 3174 κατὰ
540 3117 620 3189 τύχην
640 3120 696 3174 τινὰ
721 3119 811 3192 άρτὶου
832 3121 914 3176 πάντα
936 3119 1045 3192 άριθμοῦ
1067 3122 1228 3189 πεποιηκέναι

74 3217 140 3290 φαιη
154 3239 194 3275 τις
212 3217 243 3272 δν
260 3218 323 3272 κατὰ
343 3215 436 3287 στίχον
455 3216 518 3270 αὐτὰ
538 3217 693 3289 γεγράφθαι.
735 3214 804 3274 Erat
824 3216 910 3292 igitur
930 3216 979 3274 ubi
1001 3234 1063 3275 non
1084 3235 1124 3274 ex
1143 3216 1228 3276 dissi·

75 3315 193 3373 milibus
213 3323 336 3386 tantum,
357 3321 390 3370 ut
411 3311 549 3389 elegiacis
570 3312 738 3389 epodisque,
753 3314 805 3373 sed
827 3315 915 3373 etiam
936 3333 974 3375 ex
995 3314 1136 3378 similibus
1156 3333 1228 3375 con·

76 3420 185 3472 starent
199 3421 364 3489 systemata.
407 3409 485 3470 Nam
507 3411 537 3469 in
559 3412 689 3470 secundo
710 3411 786 3471 libro
808 3411 953 3490 Sapphus,
969 3415 1019 3491 qui
1040 3423 1116 3474 totus
1136 3439 1228 3473 πεντα-

74 3514 177 3585 μέτροις
200 3513 579 3584 τεσσαρασκαιδικασυλλάβοις
603 3510 786 3586 compositus
814 3522 867 3584 est,
899 3511 1046 3591 (Encheir.
1068 3512 1083 3588 ξ
1104 3527 1142 3588 45
1166 3509 1228 3589 W.)

76 3609 123 3668 alii
149 3619 305 3686 systemata
329 3627 391 3668 non
416 3608 574 3686 ponebant,
598 3606 644 3666 alii
670 3618 699 3666 et
722 3609 785 3684 ipse
810 3608 992 3686 Hephaestio
1013 3628 1080 3670 cum
1102 3611 1227 3688 antiquis

75 3707 291 3784 exemplaribus
318 3724 421 3767 uersus
448 3708 511 3763 κατὰ
538 3705 592 3776 δύο,
621 3724 682 3765 non
709 3725 770 3765 uno
798 3716 908 3781 tenore,
933 3709 1056 3786 scriptos
1084 3709 1226 3781 uiderent,
1278 3748 1280 3753 ·

75 3815 232 3882 systemata
253 3803 398 3863 iaciebant
418 3803 553 3861 binomm
574 3819 721 3862 uersuum.
763 3803 926 3882 Loquimur
944 3806 981 3866 de
1003 3808 1133 3866 secundo
1153 3807 1227 3867 libro

76 3902 222 3980 Sapphus,
244 3902 296 3961 sed
318 3901 396 3960 idem
417 3900 584 3959 intertium
609 3918 728 3979 quoque
750 3903 854 3962 cadere
876 3924 912 3963 ex
934 3904 1024 3980 §120
1047 3905 1227 3982 intellegitur,

76 4002 124 4061 hic
148 4012 245 4060 autem
275 4010 353 4059 totus
381 3999 533 4059 constabat
558 4017 594 4057 ex
622 4001 754 4059 uersibus
779 4001 981 4061 choriambicis
991 4003 1009 4074 ¹,
1035 4003 1135 4080 quales
1160 4015 1228 4063 sunt

76 4101 200 4174 Νύμφαις
221 4104 276 4157 ταῖς
296 4103 357 4157 Διὸς
378 4100 408 4170 ἐξ
428 4099 536 4172 αἰγιόχου
556 4100 626 4171 φασὶ
645 4100 815 4174 τετνγμένυις,
837 4099 942 4159 Catulli
963 4117 987 4159 c.
1010 4099 1107 4172 XXX,
1122 4098 1228 4159 Horati

109 4262 117 4292 ¹
136 4264 262 4325 Hephaeat.
272 4269 284 4324 ξ
295 4262 328 4312 66
336 4264 374 4314 W.
382 4261 412 4311 τδ
423 4261 449 4311 hl
461 4261 635 4326 ἀκατάληπτον
647 4261 856 4326 (δυτισταστιιιδν)
868 4263 978 4313 καλεῖται
990 4260 1115 4326 Σοῐφιιιδν
1124 4263 1229 4313 lunaris·

74 4344 243 4401 ιοασύλλαβον·
260 4343 319 4408 ᾦτδ
335 4344 416 4409 τρίτον
434 4343 493 4394 ὅλον
512 4345 622 4406 saravi·
638 4343 781 4408 γέγραπται,
798 4344 880 4393 πολλὰ
897 4343 923 4395 δὲ
941 4344 978 4394 nal
993 4342 1105 4394 Ἀλυαάου
1120 4343 1227 4413 ᾄσματα,

74 4427 385 4491 Napoca-remphan.
