2872 5002
135 346 202 402 334.
600 325 816 388 EXCVRSVS
839 339 842 342 ’

134 501 251 562 Aristid.
264 500 289 680 ἲ.
304 518 333 576 p.
351 501 408 572 256
424 499 511 570 (448)
532 497 689 554 καλλίστους
709 496 855 566 maildunus
875 494 965 565 ἀνῆκαν
981 495 996 564 ἦ
1014 496 1049 567 γῆ
1065 497 1128 567 περὶ
1148 496 1199 566 τὴν
1220 494 1302 567 ὄχθῃ

135 603 262 673 αἰατέραν.

466 757 682 818 EXCVRSVS
704 758 743 818 ad
764 756 872 817 LXIV.
889 774 959 833 300.

177 895 269 969 Quod
297 896 328 952 in
355 891 567 952 commentario
590 890 754 965 suspicatus
781 906 847 948 sum
868 887 921 947 [τιΙ
939 889 986 948 hic
1008 890 1203 950 scribendum
1225 907 1299 960 esse,

136 995 244 1056 eodem
258 1000 382 1070 possunt
395 989 492 1048 referri
506 1006 582 1064 quae
597 989 634 1048 de
645 985 780 1045 Aselenis
794 986 944 1046 montibus
958 986 1044 1046 tradit
1058 985 1159 1064 Etym.
1172 987 1217 1046 M.
1232 1003 1298 1062 153,

139 1092 299 1165 4Ἀσιληνα
312 1092 358 1163 ὅρη
372 1089 439 1145 οὖτα
453 1087 593 1158 καλούμενα
613 1090 680 1160 ὅπερ
700 1089 725 1142 ol
744 1086 873 1158 μὶνταρὸ
893 1086 940 1155 τὴν
960 1090 1096 1158 Τραχῖνα
1117 1089 1250 1160 elpidius,
1264 1090 1299 1145 ὅτ

135 1191 233 1248 Ῥιανὸς
246 1190 274 1244 In
286 1192 321 1264 τῷ
335 1187 365 1245 ιδ’
379 1185 540 1257 Ἡρακλείας.
565 1183 705 1255 Νίκανδρος
718 1185 746 1239 δι’
760 1184 788 1238 e'r
799 1185 854 1240 τοῖς
866 1184 1017 1241 Δι’ταλκοῖτ
1031 1182 1173 1260 (Αἰτωλοῖς
1183 1185 1299 1256 codd),

138 1290 187 1360 ὅτι,
201 1289 293 1361 φησίν,
309 1288 336 1341 e'r
349 1287 434 1342 αὐτοῖς
446 1287 491 1353 τῆς
504 1282 615 1352 σιλὴτῃς
625 1287 661 1359 τῷ
676 1282 825 1353 Ἐνδυμίωνι
844 1282 1071 1354 Μιαθτνδοῦσητ
1085 1285 1224 1348 adfiatu
1237 1285 1299 1342 rm'rs

137 1388 234 1444 ἄλλους
247 1389 341 1443 τόπους
354 1382 495 1452 duellione
509 1377 571 1438 «lm
586 1381 626 1438 καὶ
639 1382 674 1450 μὴ
687 1380 804 1453 μετίχταν
815 1380 922 1438 τοῦτοντ
938 1381 1008 1437 Orroei
1021 1384 1120 1452 Mc.
1165 1379 1253 1440 Haec
1274 1383 1297 1441 Si

139 1496 217 1544 recte
238 1484 278 1541 sic
293 1491 361 1558 post
382 1479 566 1557 Sylburgium
589 1479 765 1555 scripserunt
785 1477 959 1538 Gaissordus
973 1489 1002 1537 et
1016 1477 1187 1538 Meinekius
1208 1480 1296 1541 Anal.

141 1582 221 1641 Ales
234 1599 261 1656 p.
276 1594 342 1654 179,
357 1579 475 1637 Aseleni
489 1577 671 1636 uocabantur
684 1585 801 1635 montes
816 1577 893 1635 eirca
906 1574 1084 1635 Trachinem
1101 1578 1165 1636 siue
1179 1588 1297 1637 montes

140 1679 187 1739 Iri.
231 1677 329 1736 Causa
343 1677 471 1735 nominis
485 1677 515 1732 in
530 1693 566 1733 eo
582 1674 663 1751 quod
678 1673 763 1732 Luna
782 1673 854 1732 dum
867 1674 915 1733 bic
935 1686 1064 1733 moratur
1077 1677 1208 1734 obseura
1222 1676 1297 1734 lacta

140 1788 202 1848 est;
232 1774 312 1851 quod
340 1774 475 1833 consulto
503 1774 596 1850 potuit
619 1771 750 1832 Catullus
773 1790 944 1842 memorare,
966 1790 1034 1831 cum
1055 1783 1131 1833 teste
1152 1774 1295 1850 Staphylo

139 1873 218 1951 apud
241 1871 338 1931 Schol.
356 1873 413 1946 Ap.
429 1869 527 1930 Rhod.
542 1869 594 1928 IV.
615 1871 683 1943 816,
698 1887 787 1946 quem
807 1869 906 1929 locum
927 1868 1076 1931 Marcilius
1097 1871 1202 1942 attulit,
1218 1870 1294 1930 Pelei

140 1973 257 2049 nuptiae
272 1970 490 2030 celebrabantur
504 1980 637 2044 tempore
651 1970 679 2025 ἰν
691 1964 713 2045 ᾧ
727 1967 807 2024 ὕδατα
819 1970 906 2026 πολλὰ
927 1972 967 2025 καὶ
986 1968 1117 2039 πώματα
1138 1971 1251 2041 ἐξαίσια,
1264 1982 1295 2028 ut

140 2070 323 2130 crederentur
337 2068 366 2127 di
379 2070 433 2140 μετ’
449 2069 547 2141 ὄμβρου
561 2070 601 2122 καὶ
615 2073 740 2139 χειμῶνος
753 2067 914 2126 aduenisse.
958 2065 1046 2125 Hanc
1066 2066 1146 2125 fama
1160 2067 1294 2127 traditam

141 2167 298 2245 procellam
322 2185 340 2224 a
362 2164 494 2224 Marcilio
519 2163 643 2222 creditur
673 2163 852 2238 significasse
879 2163 1009 2223 Catullus
1038 2163 1111 2222 dum
1140 2164 1295 2224 Phoebum

143 2265 334 2341 Hecatenque
353 2263 380 2321 h.
392 2282 417 2322 e.
435 2261 528 2322 solem
550 2272 580 2321 et
601 2260 701 2320 lunam
722 2261 803 2321 solos
824 2279 842 2320 a
862 2263 970 2338 nuptiis
989 2260 1068 2321 Pelei
1084 2261 1194 2322 aluisse
1213 2265 1293 2323 dicit:

141 2383 236 2441 neque
260 2364 337 2424 aliud
362 2363 416 2422 erit
438 2360 519 2438 quod
542 2367 609 2438 post
637 2360 747 2419 addidit
767 2361 906 2419 cultrt'cem
927 2360 1062 2419 montibus
1083 2359 1164 2419 Μ’.
1212 2361 1296 2435 Quae

140 2464 219 2522 enim
233 2462 329 2522 lucem
345 2461 413 2520 dare
425 2460 533 2536 nuptiis
548 2459 673 2530 nolebat,
683 2459 786 2518 merito
797 2460 891 2536 potuit
904 2460 944 2518 ibi
957 2458 1055 2528 latere,
1066 2460 1117 2518 ubi
1129 2479 1200 2518 cum
1210 2471 1296 2530 esset,

141 2562 322 2638 propinquae
337 2560 470 2636 regiones
485 2559 515 2616 in
529 2557 655 2617 obscuro
670 2569 770 2616 erant:
793 2557 855 2616 siue
876 2557 906 2614 in
926 2556 1009 2615 caelo
1024 2567 1140 2615 morata
1161 2569 1215 2628 est,
1231 2557 1296 2616 lecit

141 2659 198 2718 boc
213 2678 251 2717 ne
265 2659 360 2718 lucem
375 2659 473 2728 daret;
496 2656 578 2733 quod
592 2656 660 2733 quia
674 2655 789 2731 saepius
803 2655 910 2713 fecerat
928 2654 998 2714 dum
1012 2655 1043 2712 in
1057 2655 1195 2715 Aselenis
1212 2674 1295 2714 mon·

142 2759 217 2817 tibus
240 2759 300 2815 siue
321 2757 413 2814 amori
434 2754 590 2830 indulgens
607 2754 668 2811 siue
689 2753 775 2811 aliam
797 2754 837 2811 ob
859 2770 978 2812 causam
999 2752 1078 2822 latet,
1100 2771 1163 2811 nou
1185 2756 1248 2813 sine
1268 2755 1296 2812 ui

142 2855 267 2932 quadam
281 2856 393 2912 cultrix
410 2851 466 2923 Iri,
482 2869 650 2928 quanquam
669 2852 698 2908 in
713 2851 770 2909 alio
784 2850 851 2909 loco
865 2851 966 2921 latens,
982 2850 1152 2910 inducitur¹.

488 3080 727 3139 ADDENDVM
749 3081 785 3139 ad
808 3082 901 3141 LXV.
917 3102 944 3158 9.

185 3215 310 3273 Versum
335 3213 442 3272 Datani
464 3212 639 3290 Alloquar,
662 3214 806 3290 audiero
827 3233 999 3293 nunquam
1020 3227 1078 3274 tua
1253 3218 1300 3276 lo

145 3323 304 3391 quentem
326 3310 435 3370 Munro
451 3329 479 3388 p.
494 3328 549 3386 154
566 3323 704 3389 tanquam
719 3313 924 3389 interpolatum
938 3315 1025 3383 reicit,
1042 3313 1104 3390 ipse
1122 3313 1202 3374 bunc
1218 3334 1299 3375 com·

145 3423 259 3471 mentus
274 3423 317 3469 est

239 3510 402 3586 rl'umquam
424 3529 471 3586 ego
492 3515 515 3566 te
530 3510 642 3585 prunae
662 3509 737 3566 mr'lrr'
754 3510 908 3584 ademptum
930 3511 959 3567 in
971 3509 1045 3586 flore
1067 3511 1202 3569 καταπίοι.

520 3756 734 3816 EXCVRSVS
756 3757 794 3816 ad
816 3756 923 3814 LXVI.

187 3892 318 3962 Βερενίκης
346 3892 485 3955 Πλοκάμου
513 3905 573 3962 quo
602 3889 721 3946 nomine
748 3886 881 3964 Elegiam
910 3906 994 3945 suam
1022 3889 1157 3964 signasse
1186 3892 1300 3949 uidetur

146 3987 352 4058 Callimachus,
364 3987 398 4044 cs.
416 3985 512 4044 Schol.
529 3986 609 4043 Arati
624 3986 783 4045 Phaenom.
803 3988 869 4058 146,
884 4004 978 4061 pauca
992 4005 1067 4062 quae
1084 3988 1205 4063 quidem
1221 4004 1301 4048 certo

146 4084 202 4143 huc
231 4084 337 4143 referas
366 4095 521 4160 supersunt
550 4083 718 4160 fragmenta
766 4084 841 4143 Sunt
868 4085 946 4143 enim
975 4086 1036 4143 tria
1088 4086 1188 4145 Schol.
1217 4091 1300 4146 Arati

179 4281 186 4309 ¹
199 4281 253 4328 Nou
264 4295 360 4342 possum
369 4279 501 4338 adstipulari
514 4279 544 4326 K.
552 4280 578 4329 P.
587 4281 693 4328 Schulzio
701 4284 802 4329 censenti
813 4282 942 4344 relinquens
952 4291 975 4329 et
987 4283 1016 4328 2d
1028 4281 1091 4329 coelo
1102 4292 1126 4329 et
1138 4284 1169 4330 ad
1181 4284 1300 4338 menbris,

145 4377 203 4422 qnae
214 4363 285 4409 ambo
296 4376 338 4422 pro
349 4361 431 4408 datiuis
442 4361 520 4418 habet,
534 4363 677 4411 mittendum
690 4380 747 4413 esse.
780 4365 839 4412 Vide
850 4367 899 4412 eius
910 4365 1067 4413 recensionem
1078 4365 1242 4413 murmurii
1254 4366 1299 4414 nei

145 4443 275 4493 Muenna
288 4445 323 4489 r'fir
335 4443 546 4505 Gymnasium
560 4445 623 4507 ιδῃ
634 4461 657 4507 p.
668 4456 723 4507 705.
