<?xml version="1.0" encoding="UTF-8"?>
<!DOCTYPE html PUBLIC "-//W3C//DTD XHTML 1.0 Transitional//EN"
    "http://www.w3.org/TR/xhtml1/DTD/xhtml1-transitional.dtd">
<html xmlns="http://www.w3.org/1999/xhtml" xml:lang="en" lang="en">
 <head>
  <title>
</title>
<meta http-equiv="Content-Type" content="text/html;charset=utf-8" />
  <meta name='ocr-system' content='tesseract 3.04.00' />
  <meta name='ocr-capabilities' content='ocr_page ocr_carea ocr_par ocr_line ocrx_word'/>
</head>
<body>
  <div class='ocr_page' id='page_1' title='image "./catulliliber00catugoog_0466.png"; bbox 0 0 2872 5002; ppageno 0'>
   <div class='ocr_carea' id='block_1_1' title="bbox 380 321 1227 385">
    <p class='ocr_par' dir='ltr' id='par_1_1' title="bbox 380 321 1227 385">
     <span class='ocr_line' id='line_1_1' title="bbox 380 321 1227 385; baseline 0.002 -2"><span class='ocrx_word' id='word_1_1' title='bbox 380 322 620 383; x_wconf 84' lang='lat' dir='ltr'><strong>ADDENDVM</strong></span> <span class='ocrx_word' id='word_1_2' title='bbox 641 321 927 384; x_wconf 85' lang='lat' dir='ltr'><strong>FRAGMENTIS.</strong></span> <span class='ocrx_word' id='word_1_3' title='bbox 1168 329 1227 385; x_wconf 78' lang='lat'><em>35⁷</em></span> 
     </span>
    </p>
   </div>
   <div class='ocr_carea' id='block_1_2' title="bbox 68 489 1228 845">
    <p class='ocr_par' dir='ltr' id='par_1_2' title="bbox 68 489 1228 845">
     <span class='ocr_line' id='line_1_2' title="bbox 68 489 1228 569; baseline 0.002 -21"><span class='ocrx_word' id='word_1_4' title='bbox 68 491 239 550; x_wconf 82' lang='lat' dir='ltr'>imitationis</span> <span class='ocrx_word' id='word_1_5' title='bbox 263 509 352 569; x_wconf 88' lang='lat' dir='ltr'>quarn</span> <span class='ocrx_word' id='word_1_6' title='bbox 377 489 494 550; x_wconf 89' lang='lat' dir='ltr'>Catullo</span> <span class='ocrx_word' id='word_1_7' title='bbox 522 491 619 550; x_wconf 85' lang='lat' dir='ltr'>tribuit</span> <span class='ocrx_word' id='word_1_8' title='bbox 645 490 756 550; x_wconf 89' lang='lat' dir='ltr'>Plinius</span> <span class='ocrx_word' id='word_1_9' title='bbox 781 490 822 551; x_wconf 88' lang='lat' dir='ltr'><em>H.</em></span> <span class='ocrx_word' id='word_1_10' title='bbox 845 490 883 550; x_wconf 89' lang='lat' dir='ltr'><em>N.</em></span> <span class='ocrx_word' id='word_1_11' title='bbox 909 489 1055 550; x_wconf 89' lang='lat' dir='ltr'><strong>XXVIII.</strong></span> <span class='ocrx_word' id='word_1_12' title='bbox 1087 509 1134 567; x_wconf 87' lang='lat'><em>19,</em></span> <span class='ocrx_word' id='word_1_13' title='bbox 1161 490 1228 550; x_wconf 84' lang='lat' dir='ltr'><em>tre&#39;ru</em></span> 
     </span>
     <span class='ocr_line' id='line_1_3' title="bbox 74 588 1228 667; baseline 0.002 -22"><span class='ocrx_word' id='word_1_14' title='bbox 74 588 216 648; x_wconf 74' lang='lat' dir='ltr'><em>VIeoeriti</em></span> <span class='ocrx_word' id='word_1_15' title='bbox 232 591 312 665; x_wconf 82' lang='lat' dir='ltr'><em>opud</em></span> <span class='ocrx_word' id='word_1_16' title='bbox 324 588 453 661; x_wconf 85' lang='lat' dir='ltr'><em>Graecos,</em></span> <span class='ocrx_word' id='word_1_17' title='bbox 472 588 586 649; x_wconf 83' lang='lat' dir='ltr'>Catulli</span> <span class='ocrx_word' id='word_1_18' title='bbox 603 590 683 665; x_wconf 85' lang='lat' dir='ltr'><em>apud</em></span> <span class='ocrx_word' id='word_1_19' title='bbox 697 609 747 648; x_wconf 86' lang='lat' dir='ltr'><em>nos</em></span> <span class='ocrx_word' id='word_1_20' title='bbox 761 591 948 665; x_wconf 81' lang='lat' dir='ltr'><em>proximeque</em></span> <span class='ocrx_word' id='word_1_21' title='bbox 975 589 1084 667; x_wconf 81' lang='lat' dir='ltr'><em>Vergili</em></span> <span class='ocrx_word' id='word_1_22' title='bbox 1101 591 1228 649; x_wconf 76' lang='lat' dir='ltr'><em>incanta·</em></span> 
     </span>
     <span class='ocr_line' id='line_1_4' title="bbox 71 685 1228 760; baseline 0.001 -15"><span class='ocrx_word' id='word_1_23' title='bbox 71 695 221 745; x_wconf 82' lang='lat' dir='ltr'><em>mentorum</em></span> <span class='ocrx_word' id='word_1_24' title='bbox 243 689 381 746; x_wconf 84' lang='lat' dir='ltr'><em>amatorio</em></span> <span class='ocrx_word' id='word_1_25' title='bbox 403 689 531 746; x_wconf 73' lang='lat' dir='ltr'><em>imitatio.</em></span> <span class='ocrx_word' id='word_1_26' title='bbox 578 685 657 745; x_wconf 80' lang='lat' dir='ltr'><em>Nam</em></span> <span class='ocrx_word' id='word_1_27' title='bbox 678 687 764 747; x_wconf 86' lang='lat' dir='ltr'>huius</span> <span class='ocrx_word' id='word_1_28' title='bbox 785 688 816 745; x_wconf 91' lang='lat' dir='ltr'><em>in</em></span> <span class='ocrx_word' id='word_1_29' title='bbox 840 687 1093 747; x_wconf 84' lang='lat' dir='ltr'>Pharmaceutriae</span> <span class='ocrx_word' id='word_1_30' title='bbox 1116 705 1144 746; x_wconf 93' lang='lat' dir='ltr'><em>u.</em></span> <span class='ocrx_word' id='word_1_31' title='bbox 1169 704 1228 760; x_wconf 88' lang='lat'><em>140</em></span> 
     </span>
     <span class='ocr_line' id='line_1_5' title="bbox 72 785 236 845; baseline 0.006 -2"><span class='ocrx_word' id='word_1_32' title='bbox 72 785 145 844; x_wconf 90' lang='lat' dir='ltr'>haee</span> <span class='ocrx_word' id='word_1_33' title='bbox 168 796 236 845; x_wconf 88' lang='lat' dir='ltr'>sunt</span> 
     </span>
    </p>
   </div>
   <div class='ocr_carea' id='block_1_3' title="bbox 234 915 1045 992">
    <p class='ocr_par' dir='ltr' id='par_1_3' title="bbox 234 915 1045 992">
     <span class='ocr_line' id='line_1_6' title="bbox 234 915 1045 992; baseline 0.004 -21"><span class='ocrx_word' id='word_1_34' title='bbox 234 915 275 973; x_wconf 75' lang='lat' dir='ltr'><em>rol</em></span> <span class='ocrx_word' id='word_1_35' title='bbox 294 919 360 989; x_wconf 84' lang='grc' dir='ltr'>ταχὺ</span> <span class='ocrx_word' id='word_1_36' title='bbox 381 920 451 990; x_wconf 77' lang='grc' dir='ltr'><strong><em>χρὼς</em></strong></span> <span class='ocrx_word' id='word_1_37' title='bbox 471 919 513 973; x_wconf 76' lang='grc' dir='ltr'><em>ἐπὶ</em></span> <span class='ocrx_word' id='word_1_38' title='bbox 533 919 615 989; x_wconf 78' lang='grc' dir='ltr'>χρωτὶ</span> <span class='ocrx_word' id='word_1_39' title='bbox 635 918 781 990; x_wconf 75' lang='grc' dir='ltr'><strong><em>πεπαίνετο,</em></strong></span> <span class='ocrx_word' id='word_1_40' title='bbox 803 921 844 974; x_wconf 75' lang='grc' dir='ltr'><em>καὶ</em></span> <span class='ocrx_word' id='word_1_41' title='bbox 864 920 896 974; x_wconf 77' lang='grc' dir='ltr'><em>τὰ</em></span> <span class='ocrx_word' id='word_1_42' title='bbox 917 920 1045 992; x_wconf 72' lang='grc' dir='ltr'>πρόσωπα</span> 
     </span>
    </p>
   </div>
   <div class='ocr_carea' id='block_1_4' title="bbox 236 1014 946 1089">
    <p class='ocr_par' dir='ltr' id='par_1_4' title="bbox 236 1014 946 1089">
     <span class='ocr_line' id='line_1_7' title="bbox 236 1014 946 1089; baseline 0.004 -20"><span class='ocrx_word' id='word_1_43' title='bbox 236 1014 368 1088; x_wconf 77' lang='grc' dir='ltr'>θερμότερ’</span> <span class='ocrx_word' id='word_1_44' title='bbox 390 1014 419 1084; x_wconf 70' lang='grc' dir='ltr'><em>ἧς</em></span> <span class='ocrx_word' id='word_1_45' title='bbox 439 1016 454 1086; x_wconf 69' lang='grc' dir='ltr'><strong><em>ἡ</em></strong></span> <span class='ocrx_word' id='word_1_46' title='bbox 475 1016 585 1088; x_wconf 76' lang='grc' dir='ltr'>πρόσθε,</span> <span class='ocrx_word' id='word_1_47' title='bbox 605 1017 646 1070; x_wconf 75' lang='grc' dir='ltr'><em>καὶ</em></span> <span class='ocrx_word' id='word_1_48' title='bbox 666 1015 870 1089; x_wconf 72' lang='grc' dir='ltr'>ἐψιθνρίσδομες</span> <span class='ocrx_word' id='word_1_49' title='bbox 889 1018 946 1087; x_wconf 77' lang='grc' dir='ltr'><em>ἁδύ,</em></span> 
     </span>
    </p>
   </div>
   <div class='ocr_carea' id='block_1_5' title="bbox 69 1143 1231 1698">
    <p class='ocr_par' dir='ltr' id='par_1_5' title="bbox 69 1143 1231 1698">
     <span class='ocr_line' id='line_1_8' title="bbox 71 1143 1231 1223; baseline 0.003 -23"><span class='ocrx_word' id='word_1_50' title='bbox 71 1144 122 1201; x_wconf 91' lang='lat' dir='ltr'><em>ubi</em></span> <span class='ocrx_word' id='word_1_51' title='bbox 137 1143 295 1204; x_wconf 89' lang='lat' dir='ltr'>Fritzchius</span> <span class='ocrx_word' id='word_1_52' title='bbox 307 1146 375 1205; x_wconf 83' lang='lat' dir='ltr'>citat</span> <span class='ocrx_word' id='word_1_53' title='bbox 389 1145 513 1204; x_wconf 90' lang='lat' dir='ltr'><em>Heroid.</em></span> <span class='ocrx_word' id='word_1_54' title='bbox 525 1144 563 1203; x_wconf 94' lang='lat' dir='ltr'><em>II.</em></span> <span class='ocrx_word' id='word_1_55' title='bbox 580 1160 616 1221; x_wconf 82' lang='grc'><em>57</em></span> <span class='ocrx_word' id='word_1_56' title='bbox 630 1144 764 1223; x_wconf 82' lang='lat' dir='ltr'><em>Turpiter</em></span> <span class='ocrx_word' id='word_1_57' title='bbox 774 1147 921 1222; x_wconf 78' lang='lat' dir='ltr'><em>hospitium</em></span> <span class='ocrx_word' id='word_1_58' title='bbox 932 1147 997 1205; x_wconf 92' lang='lat' dir='ltr'>lecto</span> <span class='ocrx_word' id='word_1_59' title='bbox 1007 1147 1125 1205; x_wconf 73' lang='lat' dir='ltr'><em>rmosse</em></span> <span class='ocrx_word' id='word_1_60' title='bbox 1135 1146 1231 1223; x_wconf 71' lang='lat' dir='ltr'><em>rugoli</em></span> 
     </span>
     <span class='ocr_line' id='line_1_9' title="bbox 70 1241 1229 1305; baseline 0.005 -7"><span class='ocrx_word' id='word_1_61' title='bbox 70 1241 203 1301; x_wconf 75' lang='lat' dir='ltr'><em>Paenitet</em></span> <span class='ocrx_word' id='word_1_62' title='bbox 213 1250 240 1301; x_wconf 92' lang='lat' dir='ltr'><em>et</em></span> <span class='ocrx_word' id='word_1_63' title='bbox 251 1244 337 1301; x_wconf 84' lang='lat' dir='ltr'><em>lateri</em></span> <span class='ocrx_word' id='word_1_64' title='bbox 347 1246 516 1302; x_wconf 83' lang='lat' dir='ltr'><em>conseruisse</em></span> <span class='ocrx_word' id='word_1_65' title='bbox 528 1245 613 1302; x_wconf 84' lang='lat' dir='ltr'>letus.</span> <span class='ocrx_word' id='word_1_66' title='bbox 655 1244 692 1303; x_wconf 92' lang='lat' dir='ltr'><em>In</em></span> <span class='ocrx_word' id='word_1_67' title='bbox 705 1244 813 1304; x_wconf 88' lang='lat' dir='ltr'>eodem</span> <span class='ocrx_word' id='word_1_68' title='bbox 828 1245 949 1305; x_wconf 81' lang='lat' dir='ltr'>tortasse</span> <span class='ocrx_word' id='word_1_69' title='bbox 963 1245 1092 1304; x_wconf 80' lang='lat' dir='ltr'><em>carmine</em></span> <span class='ocrx_word' id='word_1_70' title='bbox 1106 1246 1229 1304; x_wconf 87' lang='lat' dir='ltr'><em>turben</em></span> 
     </span>
     <span class='ocr_line' id='line_1_10' title="bbox 71 1341 1229 1421; baseline 0.002 -20"><span class='ocrx_word' id='word_1_71' title='bbox 71 1341 203 1401; x_wconf 87' lang='lat' dir='ltr'>Catullus</span> <span class='ocrx_word' id='word_1_72' title='bbox 218 1342 384 1402; x_wconf 85' lang='lat' dir='ltr'>neutraliter</span> <span class='ocrx_word' id='word_1_73' title='bbox 401 1343 500 1420; x_wconf 92' lang='lat' dir='ltr'><em>posuit</em></span> <span class='ocrx_word' id='word_1_74' title='bbox 514 1343 610 1421; x_wconf 88' lang='lat' dir='ltr'><em>(Seru.</em></span> <span class='ocrx_word' id='word_1_75' title='bbox 625 1343 663 1402; x_wconf 87' lang='lat' dir='ltr'><em>ad</em></span> <span class='ocrx_word' id='word_1_76' title='bbox 677 1344 750 1403; x_wconf 86' lang='lat' dir='ltr'><em>Aen</em></span> <span class='ocrx_word' id='word_1_77' title='bbox 763 1343 833 1404; x_wconf 91' lang='lat' dir='ltr'><em>VII.</em></span> <span class='ocrx_word' id='word_1_78' title='bbox 849 1341 942 1421; x_wconf 81' lang='lat'><strong>378);</strong></span> <span class='ocrx_word' id='word_1_79' title='bbox 966 1343 1083 1404; x_wconf 88' lang='lat' dir='ltr'>Seruius</span> <span class='ocrx_word' id='word_1_80' title='bbox 1096 1344 1175 1403; x_wconf 89' lang='lat' dir='ltr'>enim</span> <span class='ocrx_word' id='word_1_81' title='bbox 1190 1343 1229 1403; x_wconf 83' lang='lat' dir='ltr'><em>ad</em></span> 
     </span>
     <span class='ocr_line' id='line_1_11' title="bbox 69 1439 1229 1519; baseline 0.004 -22"><span class='ocrx_word' id='word_1_82' title='bbox 69 1439 134 1497; x_wconf 88' lang='lat' dir='ltr'><em>Ecl.</em></span> <span class='ocrx_word' id='word_1_83' title='bbox 149 1440 234 1500; x_wconf 93' lang='lat' dir='ltr'><strong>VIII.</strong></span> <span class='ocrx_word' id='word_1_84' title='bbox 252 1460 298 1513; x_wconf 89' lang='lat'><em>21,</em></span> <span class='ocrx_word' id='word_1_85' title='bbox 313 1461 342 1518; x_wconf 92' lang='lat' dir='ltr'><em>p.</em></span> <span class='ocrx_word' id='word_1_86' title='bbox 361 1459 417 1517; x_wconf 85' lang='lat'><em>149</em></span> <span class='ocrx_word' id='word_1_87' title='bbox 436 1440 521 1513; x_wconf 91' lang='lat' dir='ltr'>Lion,</span> <span class='ocrx_word' id='word_1_88' title='bbox 543 1460 633 1519; x_wconf 90' lang='lat' dir='ltr'>quem</span> <span class='ocrx_word' id='word_1_89' title='bbox 653 1443 753 1502; x_wconf 89' lang='lat' dir='ltr'>locum</span> <span class='ocrx_word' id='word_1_90' title='bbox 774 1444 867 1503; x_wconf 82' lang='lat' dir='ltr'>attulit</span> <span class='ocrx_word' id='word_1_91' title='bbox 889 1442 1058 1515; x_wconf 86' lang='lat' dir='ltr'>Fritzchius,</span> <span class='ocrx_word' id='word_1_92' title='bbox 1080 1442 1122 1502; x_wconf 88' lang='lat' dir='ltr'><em>sic</em></span> <span class='ocrx_word' id='word_1_93' title='bbox 1143 1443 1229 1502; x_wconf 88' lang='lat' dir='ltr'>uertit</span> 
     </span>
     <span class='ocr_line' id='line_1_12' title="bbox 71 1537 1228 1618; baseline 0.007 -24"><span class='ocrx_word' id='word_1_94' title='bbox 71 1537 222 1597; x_wconf 76' lang='lat' dir='ltr'>Theocriti</span> <span class='ocrx_word' id='word_1_95' title='bbox 241 1537 309 1614; x_wconf 75' lang='grc' dir='ltr'><strong><em>ἴυγξ,</em></strong></span> <span class='ocrx_word' id='word_1_96' title='bbox 324 1542 386 1596; x_wconf 77' lang='grc' dir='ltr'>ἕλκε</span> <span class='ocrx_word' id='word_1_97' title='bbox 399 1564 430 1596; x_wconf 83' lang='grc' dir='ltr'><em>τυ</em></span> <span class='ocrx_word' id='word_1_98' title='bbox 444 1543 520 1611; x_wconf 76' lang='grc' dir='ltr'><strong><em>τῆνον</em></strong></span> <span class='ocrx_word' id='word_1_99' title='bbox 540 1543 601 1613; x_wconf 72' lang='grc' dir='ltr'>ἐμὸν</span> <span class='ocrx_word' id='word_1_100' title='bbox 620 1543 681 1599; x_wconf 79' lang='grc' dir='ltr'>ποτὶ</span> <span class='ocrx_word' id='word_1_101' title='bbox 701 1544 773 1614; x_wconf 76' lang='grc' dir='ltr'><em>δῶμα</em></span> <span class='ocrx_word' id='word_1_102' title='bbox 792 1546 838 1600; x_wconf 79' lang='grc' dir='ltr'><em>τὸν</em></span> <span class='ocrx_word' id='word_1_103' title='bbox 857 1543 937 1618; x_wconf 72' lang='grc' dir='ltr'><strong>ἄνδρα</strong></span> <span class='ocrx_word' id='word_1_104' title='bbox 956 1560 973 1600; x_wconf 87' lang='lat'><em>0</em></span> <span class='ocrx_word' id='word_1_105' title='bbox 991 1541 1080 1613; x_wconf 74' lang='lat' dir='ltr'><em>turbo,</em></span> <span class='ocrx_word' id='word_1_106' title='bbox 1094 1542 1228 1602; x_wconf 65' lang='lat' dir='ltr'><em>martium</em></span> 
     </span>
     <span class='ocr_line' id='line_1_13' title="bbox 71 1638 432 1698; baseline 0.008 -4"><span class='ocrx_word' id='word_1_107' title='bbox 71 1656 159 1695; x_wconf 87' lang='lat' dir='ltr'><em>meum</em></span> <span class='ocrx_word' id='word_1_108' title='bbox 174 1638 280 1696; x_wconf 87' lang='lat' dir='ltr'><em>domum</em></span> <span class='ocrx_word' id='word_1_109' title='bbox 295 1640 432 1698; x_wconf 82' lang='lat' dir='ltr'><em>adducito.</em></span> 
     </span>
    </p>
   </div>
   <div class='ocr_carea' id='block_1_6' title="bbox 456 2152 846 2227">
    <p class='ocr_par' dir='ltr' id='par_1_6' title="bbox 456 2152 846 2227">
     <span class='ocr_line' id='line_1_14' title="bbox 456 2152 846 2227; baseline 0.005 -3"><span class='ocrx_word' id='word_1_110' title='bbox 456 2152 846 2227; x_wconf 87' lang='lat' dir='ltr'><strong>CORRIGENDA.</strong></span> 
     </span>
    </p>
   </div>
   <div class='ocr_carea' id='block_1_7' title="bbox 22 2372 1232 4514">
    <p class='ocr_par' dir='ltr' id='par_1_7' title="bbox 114 2372 694 2452">
     <span class='ocr_line' id='line_1_15' title="bbox 114 2372 694 2452; baseline 0.005 -20"><span class='ocrx_word' id='word_1_111' title='bbox 114 2372 281 2450; x_wconf 82' lang='lat' dir='ltr'><em>Prolegorn.</em></span> <span class='ocrx_word' id='word_1_112' title='bbox 296 2392 325 2449; x_wconf 93' lang='lat' dir='ltr'><em>p.</em></span> <span class='ocrx_word' id='word_1_113' title='bbox 340 2374 377 2432; x_wconf 89' lang='lat' dir='ltr'><em>iii.</em></span> <span class='ocrx_word' id='word_1_114' title='bbox 392 2373 411 2432; x_wconf 91' lang='lat' dir='ltr'><em>l.</em></span> <span class='ocrx_word' id='word_1_115' title='bbox 426 2393 463 2432; x_wconf 89' lang='grc'><em>22</em></span> <span class='ocrx_word' id='word_1_116' title='bbox 479 2377 550 2434; x_wconf 87' lang='lat' dir='ltr'><em>cessi</em></span> <span class='ocrx_word' id='word_1_117' title='bbox 559 2393 614 2452; x_wconf 90' lang='lat' dir='ltr'><em>pro</em></span> <span class='ocrx_word' id='word_1_118' title='bbox 628 2395 694 2436; x_wconf 86' lang='lat' dir='ltr'><em>cess.</em></span> 
     </span>
    </p>

    <p class='ocr_par' dir='ltr' id='par_1_8' title="bbox 114 2471 663 2549">
     <span class='ocr_line' id='line_1_16' title="bbox 114 2471 663 2549; baseline 0.013 -22"><span class='ocrx_word' id='word_1_119' title='bbox 114 2491 143 2548; x_wconf 93' lang='lat' dir='ltr'><em>p.</em></span> <span class='ocrx_word' id='word_1_120' title='bbox 160 2473 195 2530; x_wconf 88' lang='lat' dir='ltr'><em>iv.</em></span> <span class='ocrx_word' id='word_1_121' title='bbox 209 2471 227 2530; x_wconf 90' lang='lat' dir='ltr'><em>l.</em></span> <span class='ocrx_word' id='word_1_122' title='bbox 246 2489 279 2529; x_wconf 87' lang='lat'><em>12</em></span> <span class='ocrx_word' id='word_1_123' title='bbox 295 2473 435 2547; x_wconf 84' lang='lat' dir='ltr'><em>conope&#39;ce&#39;s</em></span> <span class='ocrx_word' id='word_1_124' title='bbox 449 2491 504 2549; x_wconf 90' lang='lat' dir='ltr'><em>pro</em></span> <span class='ocrx_word' id='word_1_125' title='bbox 518 2475 663 2549; x_wconf 85' lang='lat' dir='ltr'><em>conope&#39;eis.</em></span> 
     </span>
    </p>

    <p class='ocr_par' dir='ltr' id='par_1_9' title="bbox 115 2569 866 2648">
     <span class='ocr_line' id='line_1_17' title="bbox 115 2569 866 2648; baseline 0.004 -22"><span class='ocrx_word' id='word_1_126' title='bbox 115 2588 144 2645; x_wconf 90' lang='lat' dir='ltr'><em>p.</em></span> <span class='ocrx_word' id='word_1_127' title='bbox 159 2569 213 2627; x_wconf 87' lang='lat' dir='ltr'><em>viii.</em></span> <span class='ocrx_word' id='word_1_128' title='bbox 228 2579 288 2628; x_wconf 89' lang='lat' dir='ltr'><em>not.</em></span> <span class='ocrx_word' id='word_1_129' title='bbox 303 2569 321 2628; x_wconf 89' lang='lat'><em>1.</em></span> <span class='ocrx_word' id='word_1_130' title='bbox 339 2589 353 2627; x_wconf 86' lang='lat'>2</span> <span class='ocrx_word' id='word_1_131' title='bbox 369 2569 453 2629; x_wconf 87' lang='lat' dir='ltr'><em>Pers.</em></span> <span class='ocrx_word' id='word_1_132' title='bbox 468 2570 492 2628; x_wconf 93' lang='lat' dir='ltr'><strong>I</strong></span> <span class='ocrx_word' id='word_1_133' title='bbox 495 2571 527 2630; x_wconf 91' lang='lat' dir='ltr'><em>V.</em></span> <span class='ocrx_word' id='word_1_134' title='bbox 545 2591 582 2648; x_wconf 86' lang='lat'><em>23</em></span> <span class='ocrx_word' id='word_1_135' title='bbox 597 2590 652 2648; x_wconf 88' lang='lat' dir='ltr'><em>pro</em></span> <span class='ocrx_word' id='word_1_136' title='bbox 666 2570 751 2631; x_wconf 87' lang='lat' dir='ltr'><em>Pers.</em></span> <span class='ocrx_word' id='word_1_137' title='bbox 774 2572 804 2631; x_wconf 89' lang='lat' dir='ltr'><em>V.</em></span> <span class='ocrx_word' id='word_1_138' title='bbox 821 2590 866 2630; x_wconf 92' lang='grc'><em>22.</em></span> 
     </span>
    </p>

    <p class='ocr_par' dir='ltr' id='par_1_10' title="bbox 114 2664 1171 2741">
     <span class='ocr_line' id='line_1_18' title="bbox 114 2664 1171 2741; baseline -0.001 -16"><span class='ocrx_word' id='word_1_139' title='bbox 114 2668 153 2725; x_wconf 92' lang='lat' dir='ltr'><em>ib.</em></span> <span class='ocrx_word' id='word_1_140' title='bbox 172 2676 231 2725; x_wconf 91' lang='lat' dir='ltr'><em>not.</em></span> <span class='ocrx_word' id='word_1_141' title='bbox 250 2680 294 2741; x_wconf 92' lang='grc'><em>27.</em></span> <span class='ocrx_word' id='word_1_142' title='bbox 311 2667 382 2726; x_wconf 92' lang='lat' dir='ltr'>Post</span> <span class='ocrx_word' id='word_1_143' title='bbox 396 2666 472 2726; x_wconf 89' lang='lat' dir='ltr'><em>Hor.</em></span> <span class='ocrx_word' id='word_1_144' title='bbox 487 2667 519 2726; x_wconf 87' lang='lat' dir='ltr'><em>S.</em></span> <span class='ocrx_word' id='word_1_145' title='bbox 535 2667 562 2727; x_wconf 88' lang='lat' dir='ltr'><em>I.</em></span> <span class='ocrx_word' id='word_1_146' title='bbox 582 2687 606 2728; x_wconf 93' lang='grc'><em>2.</em></span> <span class='ocrx_word' id='word_1_147' title='bbox 624 2688 659 2728; x_wconf 88' lang='grc'><em>22</em></span> <span class='ocrx_word' id='word_1_148' title='bbox 676 2669 846 2729; x_wconf 84' lang='lat' dir='ltr'>addendum</span> <span class='ocrx_word' id='word_1_149' title='bbox 860 2677 921 2728; x_wconf 89' lang='lat' dir='ltr'>erat</span> <span class='ocrx_word' id='word_1_150' title='bbox 935 2664 1032 2725; x_wconf 87' lang='lat' dir='ltr'><em>quen.</em></span> <span class='ocrx_word' id='word_1_151' title='bbox 1056 2665 1087 2725; x_wconf 88' lang='lat' dir='ltr'><em>V.</em></span> <span class='ocrx_word' id='word_1_152' title='bbox 1106 2678 1171 2741; x_wconf 82' lang='lat'><em>107.</em></span> 
     </span>
    </p>

    <p class='ocr_par' dir='ltr' id='par_1_11' title="bbox 115 2763 544 2842">
     <span class='ocr_line' id='line_1_19' title="bbox 115 2763 544 2842; baseline 0.007 -20"><span class='ocrx_word' id='word_1_153' title='bbox 115 2785 144 2842; x_wconf 91' lang='lat' dir='ltr'><em>p.</em></span> <span class='ocrx_word' id='word_1_154' title='bbox 158 2765 195 2823; x_wconf 82' lang='lat' dir='ltr'><em>ix.</em></span> <span class='ocrx_word' id='word_1_155' title='bbox 211 2765 228 2823; x_wconf 92' lang='lat' dir='ltr'><em>l.</em></span> <span class='ocrx_word' id='word_1_156' title='bbox 246 2780 263 2839; x_wconf 89' lang='lat'>5</span> <span class='ocrx_word' id='word_1_157' title='bbox 277 2763 429 2842; x_wconf 89' lang='lat' dir='ltr'><em>XIVpro</em></span> <span class='ocrx_word' id='word_1_158' title='bbox 443 2765 544 2825; x_wconf 88' lang='lat' dir='ltr'><strong>XIII.</strong></span> 
     </span>
    </p>

    <p class='ocr_par' dir='ltr' id='par_1_12' title="bbox 117 2861 771 2941">
     <span class='ocr_line' id='line_1_20' title="bbox 117 2861 771 2941; baseline 0.003 -21"><span class='ocrx_word' id='word_1_159' title='bbox 117 2864 153 2922; x_wconf 91' lang='lat' dir='ltr'><em>ib.</em></span> <span class='ocrx_word' id='word_1_160' title='bbox 170 2864 218 2921; x_wconf 82' lang='lat' dir='ltr'><em>fin.</em></span> <span class='ocrx_word' id='word_1_161' title='bbox 234 2861 317 2922; x_wconf 84' lang='lat' dir='ltr'><em>Pers.</em></span> <span class='ocrx_word' id='word_1_162' title='bbox 339 2861 368 2923; x_wconf 91' lang='lat' dir='ltr'><em>V.</em></span> <span class='ocrx_word' id='word_1_163' title='bbox 386 2883 485 2939; x_wconf 84' lang='grc'><strong>22-29</strong></span> <span class='ocrx_word' id='word_1_164' title='bbox 501 2883 556 2941; x_wconf 91' lang='lat' dir='ltr'><em>pro</em></span> <span class='ocrx_word' id='word_1_165' title='bbox 571 2864 656 2923; x_wconf 86' lang='lat' dir='ltr'><em>Pers.</em></span> <span class='ocrx_word' id='word_1_166' title='bbox 678 2863 709 2924; x_wconf 92' lang='lat' dir='ltr'><em>V.</em></span> <span class='ocrx_word' id='word_1_167' title='bbox 725 2884 771 2940; x_wconf 82' lang='lat'><em>29.</em></span> 
     </span>
    </p>

    <p class='ocr_par' dir='ltr' id='par_1_13' title="bbox 116 2962 685 3039">
     <span class='ocr_line' id='line_1_21' title="bbox 116 2962 685 3039; baseline 0.005 -20"><span class='ocrx_word' id='word_1_168' title='bbox 116 2981 145 3038; x_wconf 93' lang='lat' dir='ltr'><em>p.</em></span> <span class='ocrx_word' id='word_1_169' title='bbox 160 2980 187 3021; x_wconf 81' lang='lat' dir='ltr'><em>x.</em></span> <span class='ocrx_word' id='word_1_170' title='bbox 204 2971 264 3020; x_wconf 89' lang='lat' dir='ltr'><em>not.</em></span> <span class='ocrx_word' id='word_1_171' title='bbox 279 2962 296 3020; x_wconf 92' lang='lat' dir='ltr'><em>l.</em></span> <span class='ocrx_word' id='word_1_172' title='bbox 316 2981 348 3019; x_wconf 89' lang='grc'><em>22</em></span> <span class='ocrx_word' id='word_1_173' title='bbox 365 2964 480 3038; x_wconf 85' lang='lat' dir='ltr'><em>epitoma</em></span> <span class='ocrx_word' id='word_1_174' title='bbox 493 2980 548 3039; x_wconf 91' lang='lat' dir='ltr'><em>pro</em></span> <span class='ocrx_word' id='word_1_175' title='bbox 562 2965 685 3038; x_wconf 85' lang='lat' dir='ltr'><em>epe’toom.</em></span> 
     </span>
    </p>

    <p class='ocr_par' dir='ltr' id='par_1_14' title="bbox 116 3059 602 3137">
     <span class='ocr_line' id='line_1_22' title="bbox 116 3059 602 3137; baseline 0.002 -19"><span class='ocrx_word' id='word_1_176' title='bbox 116 3079 146 3136; x_wconf 92' lang='lat' dir='ltr'><em>p.</em></span> <span class='ocrx_word' id='word_1_177' title='bbox 160 3060 218 3119; x_wconf 84' lang='lat' dir='ltr'>xiii.</span> <span class='ocrx_word' id='word_1_178' title='bbox 232 3059 250 3117; x_wconf 93' lang='lat' dir='ltr'><em>l.</em></span> <span class='ocrx_word' id='word_1_179' title='bbox 267 3078 282 3118; x_wconf 88' lang='grc'><strong>2</strong></span> <span class='ocrx_word' id='word_1_180' title='bbox 298 3065 400 3119; x_wconf 83' lang='lat' dir='ltr'><em>extant</em></span> <span class='ocrx_word' id='word_1_181' title='bbox 412 3078 467 3137; x_wconf 91' lang='lat' dir='ltr'><em>pro</em></span> <span class='ocrx_word' id='word_1_182' title='bbox 480 3066 602 3119; x_wconf 86' lang='lat' dir='ltr'><em>exstant.</em></span> 
     </span>
    </p>

    <p class='ocr_par' dir='ltr' id='par_1_15' title="bbox 116 3146 1165 3236">
     <span class='ocr_line' id='line_1_23' title="bbox 116 3146 1165 3236; baseline -0.002 -20"><span class='ocrx_word' id='word_1_183' title='bbox 116 3177 145 3235; x_wconf 92' lang='lat' dir='ltr'><em>p.</em></span> <span class='ocrx_word' id='word_1_184' title='bbox 160 3175 204 3217; x_wconf 84' lang='lat' dir='ltr'><em>xv.</em></span> <span class='ocrx_word' id='word_1_185' title='bbox 218 3167 280 3217; x_wconf 93' lang='lat' dir='ltr'><em>not.</em></span> <span class='ocrx_word' id='word_1_186' title='bbox 294 3158 312 3217; x_wconf 89' lang='lat' dir='ltr'><em>l.</em></span> <span class='ocrx_word' id='word_1_187' title='bbox 331 3176 367 3233; x_wconf 92' lang='grc'><em>23</em></span> <span class='ocrx_word' id='word_1_188' title='bbox 382 3146 580 3218; x_wconf 69' lang='lat' dir='ltr'><em>reserabuntur</em></span> <span class='ocrx_word' id='word_1_189' title='bbox 592 3156 751 3236; x_wconf 85' lang='lat' dir='ltr'>legendum</span> <span class='ocrx_word' id='word_1_190' title='bbox 765 3156 881 3217; x_wconf 87' lang='lat' dir='ltr'>uidetur</span> <span class='ocrx_word' id='word_1_191' title='bbox 894 3174 949 3233; x_wconf 88' lang='lat' dir='ltr'><em>pro</em></span> <span class='ocrx_word' id='word_1_192' title='bbox 964 3154 1165 3233; x_wconf 81' lang='lat' dir='ltr'><em>reserebantur.</em></span> 
     </span>
    </p>

    <p class='ocr_par' dir='ltr' id='par_1_16' title="bbox 117 3258 473 3333">
     <span class='ocr_line' id='line_1_24' title="bbox 117 3258 473 3333; baseline 0 -18"><span class='ocrx_word' id='word_1_193' title='bbox 117 3258 156 3316; x_wconf 86' lang='lat' dir='ltr'><em>ib.</em></span> <span class='ocrx_word' id='word_1_194' title='bbox 171 3258 188 3316; x_wconf 92' lang='lat' dir='ltr'><em>l.</em></span> <span class='ocrx_word' id='word_1_195' title='bbox 207 3270 241 3331; x_wconf 93' lang='grc'><em>27</em></span> <span class='ocrx_word' id='word_1_196' title='bbox 260 3270 316 3332; x_wconf 94' lang='grc'><em>237</em></span> <span class='ocrx_word' id='word_1_197' title='bbox 333 3274 389 3333; x_wconf 90' lang='lat' dir='ltr'><em>pro</em></span> <span class='ocrx_word' id='word_1_198' title='bbox 405 3269 473 3331; x_wconf 90' lang='grc'><strong>227.</strong></span> 
     </span>
    </p>

    <p class='ocr_par' dir='ltr' id='par_1_17' title="bbox 117 3352 816 3434">
     <span class='ocr_line' id='line_1_25' title="bbox 117 3352 816 3434; baseline -0.001 -21"><span class='ocrx_word' id='word_1_199' title='bbox 117 3375 146 3434; x_wconf 90' lang='lat' dir='ltr'><em>p.</em></span> <span class='ocrx_word' id='word_1_200' title='bbox 162 3355 179 3413; x_wconf 91' lang='lat' dir='ltr'><em>l.</em></span> <span class='ocrx_word' id='word_1_201' title='bbox 193 3354 212 3413; x_wconf 90' lang='lat' dir='ltr'><em>l.</em></span> <span class='ocrx_word' id='word_1_202' title='bbox 230 3374 264 3413; x_wconf 93' lang='grc'><em>22</em></span> <span class='ocrx_word' id='word_1_203' title='bbox 281 3365 349 3433; x_wconf 90' lang='lat' dir='ltr'><em>post</em></span> <span class='ocrx_word' id='word_1_204' title='bbox 364 3352 488 3413; x_wconf 89' lang='lat' dir='ltr'><em>Heroid.</em></span> <span class='ocrx_word' id='word_1_205' title='bbox 504 3354 561 3412; x_wconf 88' lang='lat' dir='ltr'><em>XV</em></span> <span class='ocrx_word' id='word_1_206' title='bbox 576 3353 651 3415; x_wconf 88' lang='lat' dir='ltr'>adde</span> <span class='ocrx_word' id='word_1_207' title='bbox 666 3365 816 3432; x_wconf 89' lang='lat' dir='ltr'><em>punctum.</em></span> 
     </span>
    </p>

    <p class='ocr_par' dir='ltr' id='par_1_18' title="bbox 116 3447 1218 3629">
     <span class='ocr_line' id='line_1_26' title="bbox 116 3447 1218 3530; baseline -0.006 -18"><span class='ocrx_word' id='word_1_208' title='bbox 116 3454 154 3514; x_wconf 88' lang='lat' dir='ltr'><em>ib.</em></span> <span class='ocrx_word' id='word_1_209' title='bbox 168 3452 193 3512; x_wconf 89' lang='lat' dir='ltr'><em>li.</em></span> <span class='ocrx_word' id='word_1_210' title='bbox 212 3471 250 3529; x_wconf 88' lang='grc' dir='ltr'><strong>3ο</strong></span> <span class='ocrx_word' id='word_1_211' title='bbox 264 3453 329 3528; x_wconf 87' lang='lat' dir='ltr'>lege</span> <span class='ocrx_word' id='word_1_212' title='bbox 344 3462 412 3530; x_wconf 91' lang='lat' dir='ltr'><em>post</em></span> <span class='ocrx_word' id='word_1_213' title='bbox 425 3452 569 3511; x_wconf 85' lang='lat' dir='ltr'><em>Bononiae</em></span> <span class='ocrx_word' id='word_1_214' title='bbox 583 3457 679 3513; x_wconf 89' lang='lat' dir='ltr'>‘nune</span> <span class='ocrx_word' id='word_1_215' title='bbox 694 3452 886 3512; x_wconf 85' lang='lat' dir='ltr'>bibliothecae</span> <span class='ocrx_word' id='word_1_216' title='bbox 900 3449 1105 3510; x_wconf 84' lang='lat' dir='ltr'>Vniuersitatis</span> <span class='ocrx_word' id='word_1_217' title='bbox 1121 3447 1218 3509; x_wconf 69' lang='lat'><em>2621!</em></span> 
     </span>
     <span class='ocr_line' id='line_1_27' title="bbox 116 3551 961 3629; baseline 0 -19"><span class='ocrx_word' id='word_1_218' title='bbox 116 3554 154 3611; x_wconf 90' lang='lat' dir='ltr'><em>ib.</em></span> <span class='ocrx_word' id='word_1_219' title='bbox 169 3551 187 3611; x_wconf 86' lang='lat' dir='ltr'><em>l.</em></span> <span class='ocrx_word' id='word_1_220' title='bbox 203 3570 238 3627; x_wconf 84' lang='lat'><em>31</em></span> <span class='ocrx_word' id='word_1_221' title='bbox 255 3551 321 3629; x_wconf 81' lang='lat' dir='ltr'>lege</span> <span class='ocrx_word' id='word_1_222' title='bbox 336 3564 372 3625; x_wconf 89' lang='grc'><em>47</em></span> <span class='ocrx_word' id='word_1_223' title='bbox 389 3568 444 3628; x_wconf 92' lang='lat' dir='ltr'><em>pro</em></span> <span class='ocrx_word' id='word_1_224' title='bbox 460 3566 508 3626; x_wconf 84' lang='lat'><em>53.</em></span> <span class='ocrx_word' id='word_1_225' title='bbox 956 3569 961 3575; x_wconf 89' lang='lat'>·</span> 
     </span>
    </p>

    <p class='ocr_par' dir='ltr' id='par_1_19' title="bbox 117 3651 487 3729">
     <span class='ocr_line' id='line_1_28' title="bbox 117 3651 487 3729; baseline 0 -18"><span class='ocrx_word' id='word_1_226' title='bbox 117 3654 154 3712; x_wconf 90' lang='lat' dir='ltr'><em>ib.</em></span> <span class='ocrx_word' id='word_1_227' title='bbox 169 3652 187 3710; x_wconf 90' lang='lat' dir='ltr'><em>l.</em></span> <span class='ocrx_word' id='word_1_228' title='bbox 204 3670 240 3727; x_wconf 88' lang='grc'><em>32</em></span> <span class='ocrx_word' id='word_1_229' title='bbox 257 3651 337 3710; x_wconf 82' lang='lat' dir='ltr'><em>notho</em></span> <span class='ocrx_word' id='word_1_230' title='bbox 350 3669 404 3729; x_wconf 88' lang='lat' dir='ltr'><em>pro</em></span> <span class='ocrx_word' id='word_1_231' title='bbox 418 3659 487 3712; x_wconf 89' lang='lat' dir='ltr'><em>noto.</em></span> 
     </span>
    </p>

    <p class='ocr_par' dir='ltr' id='par_1_20' title="bbox 117 3746 527 3826">
     <span class='ocr_line' id='line_1_29' title="bbox 117 3746 527 3826; baseline -0.005 -17"><span class='ocrx_word' id='word_1_232' title='bbox 117 3769 146 3826; x_wconf 91' lang='lat' dir='ltr'><em>p.</em></span> <span class='ocrx_word' id='word_1_233' title='bbox 160 3750 199 3809; x_wconf 91' lang='lat' dir='ltr'><em>lii.</em></span> <span class='ocrx_word' id='word_1_234' title='bbox 213 3749 231 3808; x_wconf 93' lang='lat' dir='ltr'><em>l.</em></span> <span class='ocrx_word' id='word_1_235' title='bbox 250 3767 262 3806; x_wconf 94' lang='grc'><em>2</em></span> <span class='ocrx_word' id='word_1_236' title='bbox 273 3755 359 3826; x_wconf 87' lang='lat' dir='ltr'><em>patre</em></span> <span class='ocrx_word' id='word_1_237' title='bbox 371 3765 426 3826; x_wconf 91' lang='lat' dir='ltr'><em>pro</em></span> <span class='ocrx_word' id='word_1_238' title='bbox 434 3746 527 3826; x_wconf 83' lang='lat' dir='ltr'><em>putri.</em></span> 
     </span>
    </p>

    <p class='ocr_par' dir='ltr' id='par_1_21' title="bbox 116 3845 599 3925">
     <span class='ocr_line' id='line_1_30' title="bbox 116 3845 599 3925; baseline -0.002 -19"><span class='ocrx_word' id='word_1_239' title='bbox 116 3849 155 3908; x_wconf 88' lang='lat' dir='ltr'><em>ib.</em></span> <span class='ocrx_word' id='word_1_240' title='bbox 169 3847 187 3906; x_wconf 91' lang='lat' dir='ltr'><em>l.</em></span> <span class='ocrx_word' id='word_1_241' title='bbox 206 3865 242 3921; x_wconf 87' lang='lat'><em>14</em></span> <span class='ocrx_word' id='word_1_242' title='bbox 257 3848 375 3906; x_wconf 74' lang='lat' dir='ltr'><em>anneus</em></span> <span class='ocrx_word' id='word_1_243' title='bbox 388 3864 444 3925; x_wconf 92' lang='lat' dir='ltr'><em>pro</em></span> <span class='ocrx_word' id='word_1_244' title='bbox 457 3845 599 3906; x_wconf 80' lang='lat' dir='ltr'><em>Donatus.</em></span> 
     </span>
    </p>

    <p class='ocr_par' dir='ltr' id='par_1_22' title="bbox 116 3941 1184 4122">
     <span class='ocr_line' id='line_1_31' title="bbox 116 3941 1184 4025; baseline -0.003 -21"><span class='ocrx_word' id='word_1_245' title='bbox 116 3947 154 4005; x_wconf 94' lang='lat' dir='ltr'><em>ib.</em></span> <span class='ocrx_word' id='word_1_246' title='bbox 170 3945 187 4003; x_wconf 94' lang='lat' dir='ltr'><em>l.</em></span> <span class='ocrx_word' id='word_1_247' title='bbox 208 3965 244 4021; x_wconf 88' lang='grc'><em>23</em></span> <span class='ocrx_word' id='word_1_248' title='bbox 260 3956 329 4025; x_wconf 90' lang='lat' dir='ltr'><em>post</em></span> <span class='ocrx_word' id='word_1_249' title='bbox 342 3944 440 4005; x_wconf 90' lang='lat' dir='ltr'><em>XXV.</em></span> <span class='ocrx_word' id='word_1_250' title='bbox 459 3964 472 4004; x_wconf 91' lang='lat'>1</span> <span class='ocrx_word' id='word_1_251' title='bbox 489 3943 718 4005; x_wconf 85' lang='lat' dir='ltr'><strong>adde—XLIV.</strong></span> <span class='ocrx_word' id='word_1_252' title='bbox 737 3964 783 4017; x_wconf 82' lang='lat'><em>20,</em></span> <span class='ocrx_word' id='word_1_253' title='bbox 798 3941 900 4004; x_wconf 87' lang='lat' dir='ltr'>deletis</span> <span class='ocrx_word' id='word_1_254' title='bbox 915 3941 1184 4018; x_wconf 74' lang='lat' dir='ltr'><em>Cinaede-capello.</em></span> 
     </span>
     <span class='ocr_line' id='line_1_32' title="bbox 116 4043 628 4122; baseline 0 -20"><span class='ocrx_word' id='word_1_255' title='bbox 116 4063 147 4122; x_wconf 92' lang='lat' dir='ltr'><em>p.</em></span> <span class='ocrx_word' id='word_1_256' title='bbox 163 4043 210 4103; x_wconf 88' lang='lat' dir='ltr'>liii.</span> <span class='ocrx_word' id='word_1_257' title='bbox 224 4044 242 4104; x_wconf 92' lang='lat' dir='ltr'><em>l.</em></span> <span class='ocrx_word' id='word_1_258' title='bbox 259 4048 297 4103; x_wconf 85' lang='grc'><em>28</em></span> <span class='ocrx_word' id='word_1_259' title='bbox 306 4047 429 4121; x_wconf 82' lang='lat' dir='ltr'><em>poene&#39;tet</em></span> <span class='ocrx_word' id='word_1_260' title='bbox 441 4061 495 4121; x_wconf 91' lang='lat' dir='ltr'><em>pro</em></span> <span class='ocrx_word' id='word_1_261' title='bbox 505 4044 628 4120; x_wconf 87' lang='lat' dir='ltr'><em>poenitet.</em></span> 
     </span>
    </p>

    <p class='ocr_par' dir='ltr' id='par_1_23' title="bbox 116 4141 525 4220">
     <span class='ocr_line' id='line_1_33' title="bbox 116 4141 525 4220; baseline 0 -18"><span class='ocrx_word' id='word_1_262' title='bbox 116 4162 146 4220; x_wconf 94' lang='lat' dir='ltr'><em>p.</em></span> <span class='ocrx_word' id='word_1_263' title='bbox 160 4143 207 4203; x_wconf 90' lang='lat' dir='ltr'><em>lvi.</em></span> <span class='ocrx_word' id='word_1_264' title='bbox 221 4153 283 4203; x_wconf 89' lang='lat' dir='ltr'><em>not.</em></span> <span class='ocrx_word' id='word_1_265' title='bbox 298 4143 363 4203; x_wconf 90' lang='lat' dir='ltr'>dele</span> <span class='ocrx_word' id='word_1_266' title='bbox 380 4141 441 4214; x_wconf 86' lang='lat' dir='ltr'><em>Quo</em></span> <span class='ocrx_word' id='word_1_267' title='bbox 454 4143 525 4202; x_wconf 89' lang='lat' dir='ltr'><em>ticet.</em></span> 
     </span>
    </p>

    <p class='ocr_par' dir='ltr' id='par_1_24' title="bbox 22 4235 1232 4514">
     <span class='ocr_line' id='line_1_34' title="bbox 116 4235 1231 4319; baseline -0.004 -20"><span class='ocrx_word' id='word_1_268' title='bbox 116 4260 145 4318; x_wconf 93' lang='lat' dir='ltr'><em>p.</em></span> <span class='ocrx_word' id='word_1_269' title='bbox 161 4240 209 4299; x_wconf 85' lang='lat' dir='ltr'><em>lix.</em></span> <span class='ocrx_word' id='word_1_270' title='bbox 226 4239 407 4319; x_wconf 80' lang='lat' dir='ltr'>Corrigenda</span> <span class='ocrx_word' id='word_1_271' title='bbox 425 4250 493 4300; x_wconf 88' lang='lat' dir='ltr'>sunt</span> <span class='ocrx_word' id='word_1_272' title='bbox 507 4258 583 4317; x_wconf 84' lang='lat' dir='ltr'>quae</span> <span class='ocrx_word' id='word_1_273' title='bbox 597 4237 634 4298; x_wconf 89' lang='lat' dir='ltr'><em>de</em></span> <span class='ocrx_word' id='word_1_274' title='bbox 656 4236 851 4298; x_wconf 84' lang='lat' dir='ltr'>Riccardiano</span> <span class='ocrx_word' id='word_1_275' title='bbox 872 4238 941 4310; x_wconf 83' lang='lat' dir='ltr'>dini,</span> <span class='ocrx_word' id='word_1_276' title='bbox 955 4255 1023 4298; x_wconf 88' lang='lat' dir='ltr'><em>cum</em></span> <span class='ocrx_word' id='word_1_277' title='bbox 1045 4235 1153 4314; x_wconf 86' lang='lat' dir='ltr'><em>scripta</em></span> <span class='ocrx_word' id='word_1_278' title='bbox 1173 4236 1231 4296; x_wconf 91' lang='lat' dir='ltr'>sint</span> 
     </span>
     <span class='ocr_line' id='line_1_35' title="bbox 22 4319 1232 4415; baseline -0.003 -17"><span class='ocrx_word' id='word_1_279' title='bbox 22 4319 24 4323; x_wconf 35' lang='lat'><em>⁷</em></span> <span class='ocrx_word' id='word_1_280' title='bbox 75 4350 144 4398; x_wconf 87' lang='lat' dir='ltr'>ante</span> <span class='ocrx_word' id='word_1_281' title='bbox 158 4357 267 4398; x_wconf 86' lang='lat' dir='ltr'>annum</span> <span class='ocrx_word' id='word_1_282' title='bbox 285 4339 361 4415; x_wconf 83' lang='grc'><strong>2876</strong></span> <span class='ocrx_word' id='word_1_283' title='bbox 377 4356 436 4415; x_wconf 92' lang='lat' dir='ltr'><em>quo</em></span> <span class='ocrx_word' id='word_1_284' title='bbox 451 4339 481 4397; x_wconf 95' lang='lat' dir='ltr'><em>in</em></span> <span class='ocrx_word' id='word_1_285' title='bbox 496 4338 579 4397; x_wconf 87' lang='lat' dir='ltr'>Italia</span> <span class='ocrx_word' id='word_1_286' title='bbox 597 4338 651 4396; x_wconf 88' lang='lat' dir='ltr'><em>iter</em></span> <span class='ocrx_word' id='word_1_287' title='bbox 665 4334 776 4396; x_wconf 84' lang='lat' dir='ltr'>iaciens</span> <span class='ocrx_word' id='word_1_288' title='bbox 790 4336 894 4395; x_wconf 90' lang='lat' dir='ltr'>iterum</span> <span class='ocrx_word' id='word_1_289' title='bbox 908 4335 1093 4398; x_wconf 84' lang='lat' dir='ltr'>Florentiuos</span> <span class='ocrx_word' id='word_1_290' title='bbox 1111 4335 1232 4395; x_wconf 81' lang='lat' dir='ltr'>codices</span> 
     </span>
     <span class='ocr_line' id='line_1_36' title="bbox 74 4432 1231 4514; baseline -0.004 -18"><span class='ocrx_word' id='word_1_291' title='bbox 74 4437 199 4514; x_wconf 89' lang='lat' dir='ltr'><em>inspexi.</em></span> <span class='ocrx_word' id='word_1_292' title='bbox 224 4435 302 4496; x_wconf 89' lang='lat' dir='ltr'><em>Nam</em></span> <span class='ocrx_word' id='word_1_293' title='bbox 317 4436 544 4497; x_wconf 84' lang='lat' dir='ltr'>Riceardianum</span> <span class='ocrx_word' id='word_1_294' title='bbox 558 4453 652 4514; x_wconf 86' lang='lat' dir='ltr'>usque</span> <span class='ocrx_word' id='word_1_295' title='bbox 666 4452 684 4494; x_wconf 86' lang='lat' dir='ltr'>a</span> <span class='ocrx_word' id='word_1_296' title='bbox 698 4433 799 4494; x_wconf 93' lang='lat' dir='ltr'><strong>LXVI</strong></span> <span class='ocrx_word' id='word_1_297' title='bbox 813 4435 877 4512; x_wconf 92' lang='lat' dir='ltr'><em>ipse</em></span> <span class='ocrx_word' id='word_1_298' title='bbox 891 4434 1011 4509; x_wconf 79' lang='lat' dir='ltr'>centul,</span> <span class='ocrx_word' id='word_1_299' title='bbox 1023 4444 1054 4495; x_wconf 89' lang='lat' dir='ltr'><em>et</em></span> <span class='ocrx_word' id='word_1_300' title='bbox 1067 4451 1143 4511; x_wconf 81' lang='lat' dir='ltr'>quae</span> <span class='ocrx_word' id='word_1_301' title='bbox 1153 4432 1183 4492; x_wconf 92' lang='lat' dir='ltr'><em>in</em></span> <span class='ocrx_word' id='word_1_302' title='bbox 1193 4451 1231 4492; x_wconf 90' lang='lat' dir='ltr'><em>eo</em></span> 
     </span>
    </p>
   </div>
   <div class='ocr_carea' id='block_1_8' title="bbox 0 0 1443 5002">
    <p class='ocr_par' dir='ltr' id='par_1_25' title="bbox 0 0 1443 5002">
     <span class='ocr_line' id='line_1_37' title="bbox 0 0 1443 5002; baseline 0 0"><span class='ocrx_word' id='word_1_303' title='bbox 0 0 1443 5002; x_wconf 95' lang='lat' dir='ltr'><em> </em></span> 
     </span>
    </p>
   </div>
  </div>
 </body>
</html>
