2872 5002
141 362 200 416 266
548 348 605 408 DE
632 348 895 422 PARulrloNE

139 520 263 598 Epodos
285 527 363 588 sunt,
384 515 472 576 ceteri
490 515 521 573 in
540 514 613 574 duas
634 532 724 590 pares,
738 524 836 591 partes
855 532 943 590 1·43,
959 517 1067 592 48-90
1087 514 1276 575 distrilnm

140 619 196 676 ‘ln
214 615 326 693 priore'
341 625 407 674 utor
428 613 486 672 sere
507 613 604 671 uerbis
625 611 753 684 Frankii,
769 617 777 643 ‘
792 613 869 672 Attis
891 613 995 672 diuino
1017 612 1121 672 itrrore
1140 613 1278 672 candui!

140 722 230 776 ‘eum
256 714 439 791 stipatoribus
464 721 601 789 properat
625 711 663 770 ad
685 728 807 771 nemora
829 709 966 788 Cybeles,
988 712 1022 771 in
1045 713 1210 790 posteriore
1228 728 1281 771 om·

141 821 264 873 ‘uersus
285 814 324 872 ad
344 811 556 890 poenitendum
577 809 717 886 fugitiuus
734 809 875 886 aCybele
896 810 965 870 illuc
985 811 1148 888 repellitur.
1189 809 1283 870 Vua*

142 918 220 991 ‘que
248 913 352 971 harum
379 911 506 989 partium
534 908 596 985 pari
632 926 756 968 numero
791 919 880 985 poeta
913 908 1051 969 deliniuit
1080 910 1285 987 quadragenus
1327 896 1329 911 '

141 1018 278 1070 ‘ternum
302 1026 438 1068 uersuum
459 1005 561 1085 (1-43‚
583 1005 704 1085 48-90).
745 1006 832 1079 Quos
853 1007 884 1065 in
904 1006 1005 1066 medio
1027 1008 1202 1068 conlooeuit
1219 1016 1287 1085 qua*

142 1116 229 1168 ‘tuor
251 1125 353 1166 uersus
381 1105 532 1164 includunt
560 1105 732 1164 narrationis
760 1105 997 1165 conuersionem.
1040 1105 1146 1165 Etiam
1173 1106 1288 1165 memlm

141 1208 286 1267 ‘duarum
307 1205 431 1282 partium
452 1204 580 1262 eundem
599 1222 737 1262 uersuum
751 1219 907 1262 numerum
923 1203 1185 1280 complectuntur;
1205 1214 1288 1263 utrm

142 1311 149 1338 ⁴
164 1324 222 1382 que
236 1313 351 1362 constat
372 1302 450 1361 senis
464 1313 493 1361 et
508 1304 627 1373 ulcenis,
642 1321 711 1361 cum
732 1301 897 1378 appendice
918 1310 1116 1378 septenorum
1137 1301 1288 1364 denorum!

142 1403 229 1462 Vnde
244 1402 316 1460 haee
331 1401 422 1478 ligura
436 1401 533 1459 euadit
549 1402 679 1476 26÷17.
696 1420 722 1473 4.
740 1402 811 1466 26÷
823 1414 868 1474 17.
884 1418 912 1474 3.

183 1502 339 1562 Orationes
364 1516 424 1557 non
445 1508 478 1557 ut
498 1497 641 1558 Frankius
662 1499 704 1558 sic
725 1499 874 1576 dispertio.
916 1497 1048 1559 Primam
1069 1501 1154 1560 enim
1175 1498 1289 1579 (ra-26)

143 1600 210 1658 iacit
224 1599 265 1657 sic
279 1599 481 1657 decurrentem
497 1607 610 1669 2÷4÷
621 1616 646 1668 1,
663 1606 776 1672 a÷5÷
788 1616 819 1657 r:
844 1597 962 1658 alteram
976 1599 1021 1658 sic
1038 1617 1088 1671 ra,
1107 1618 1163 1673 ης
1190 1602 1289 1659 tertiam

145 1707 232 1772 3÷3.
274 1694 349 1752 Mihi
374 1714 410 1753 ex
432 1696 515 1754 tertia
535 1695 710 1772 reliquarum
732 1696 868 1755 ducenda
888 1695 1001 1755 uidetur
1022 1699 1119 1770 ratio;
1145 1709 1177 1757 ut
1197 1715 1289 1757 omnes

143 1815 194 1873 per
208 1810 361 1851 numerum
377 1794 532 1851 ternarium
546 1795 576 1852 in
591 1805 688 1871 partes
708 1795 915 1854 describantur.
958 1793 1005 1854 Ea
1026 1805 1130 1855 autem
1144 1809 1190 1857 est
1202 1797 1288 1855 huius

143 1894 224 1953 modi
238 1891 359 1970 (Cybele
375 1892 491 1950 leonem
506 1889 681 1971 alloquitur).

204 2077 221 2107 a
304 2050 431 2125 Agedum
445 2051 538 2126 inquit
549 2069 600 2126 age
602 2052 700 2129 ferox
715 2052 734 2122 i,
737 2052 808 2129 joce
821 2058 854 2108 ut
864 2051 1041 2131 huncsuror
1054 2055 1153 2130 agitet,

286 2141 379 2205 suaa
392 2149 557 2224 utisuroris
572 2149 628 2205 ictu
641 2150 760 2207 reditum
775 2150 807 2207 in
820 2152 1029 2229 nemoraserot,

253 2183 374 2479 [ΓΜ
388 2245 472 2304 libere
485 2248 569 2304 urmt's
583 2249 635 2322 qui
634 2247 742 2324 sugere
755 2250 873 2324 imperta
886 2251 970 2325 cupt't.

204 2363 225 2424 β

304 2346 366 2421 Age
379 2346 457 2403 coede
469 2351 548 2422 terga
562 2347 661 2416 cauda,
676 2354 723 2403 tuo
738 2349 853 2405 uerbera
863 2354 963 2422 patere,

304 2443 379 2500 Face
392 2452 489 2502 cuncta
503 2448 641 2522 mugienti
650 2448 742 2504 som'tu
754 2448 814 2504 loca
827 2452 955 2517 retonuit,

304 2541 433 2601 Rutilum
437 2545 532 2622 ferox
545 2552 637 2603 torosa
650 2546 753 2602 τεκνία
766 2552 846 2620 quote
859 2545 963 2604 rubam.

185 2705 341 2782 Vtriusque
356 2707 492 2784 strophae
507 2727 535 2766 u.
550 2709 660 2784 primus
674 2711 779 2785 primo,
794 2709 864 2767 alter
877 2709 1036 2786 respondet
1051 2709 1141 2769 alteri.
1183 2711 1288 2770 Eadem

143 2803 331 2878 aequabilitas
345 2806 375 2861 in
390 2807 497 2864 Attidis
517 2807 555 2865 ad
576 2825 607 2864 se
628 2809 760 2865 oratione
774 2805 909 2885 (50—73).
955 2806 1041 2880 Quae
1064 2826 1127 2866 non
1150 2808 1243 2868 solum
1262 2818 1289 2863 ut

143 2899 284 2960 Frankius
300 2921 351 2978 per
369 2921 402 2959 12
424 2923 456 2960 12
474 2903 622 2962 distributa
636 2917 688 2974 est,
704 2904 756 2962 sed
770 2906 872 2962 iterum
887 2906 918 2962 itt
932 2907 980 2975 66,
996 2906 1054 2976 66;
1077 2925 1116 2965 ex
1138 2906 1184 2965 his
1204 2907 1289 2984 prima

143 3015 177 3056 ac
193 2999 273 3055 tertia
287 3018 338 3075 per
354 3019 379 3073 3,
396 3021 412 3075 3
430 3003 517 3060 altera
532 3021 565 3060 ae
581 3014 683 3078 quarta
697 3022 749 3079 per
765 3021 819 3077 23¹
839 3004 1017 3075 scinduntur,

143 3167 172 3214 Β.
199 3182 279 3217 ι--
290 3183 305 3213 α
329 3159 416 3235 Cupit
428 3163 489 3237 ipso
499 3164 605 3236 pupula
620 3166 660 3220 ad
671 3172 694 3220 te
708 3165 766 3222 sibi
776 3165 897 3240 dripere
911 3165 1008 3235 aciem,

331 3255 498 3335 Robtijina
512 3279 609 3317 carens
623 3262 687 3319 dum
703 3263 782 3319 breue
795 3269 898 3339 tempus
911 3264 1024 3320 antinus
1037 3271 1085 3322 est.

232 3395 310 3458 Γβ
330 3390 427 3468 Egone
441 3412 458 3448 a
472 3411 531 3449 meu
545 3399 646 3450 remota
661 3394 823 3473 haecjerar
837 3396 867 3452 in
882 3412 994 3453 nemora
1008 3396 1111 3453 domo?

198 3419 203 3615 Ι
331 3488 445 3561 Patrio,
459 3490 545 3560 bonit,
559 3494 664 3561 amicit,
674 3494 847 3567 genitoribus
860 3495 965 3551 abero?

332 3589 423 3647 Abero
425 3591 505 3668 foro
515 3591 670 3665 palaestro,
685 3593 774 3648 sudio
788 3599 814 3648 ct
822 3594 1007 3668 gymnasiis?

146 3756 283 3906 ΔΗ,
291 3743 309 3792 γ
329 3719 456 3779 Mt'seru
472 3725 563 3793 miser,
579 3724 741 3797 querendum
756 3727 889 3782 ortelium
904 3732 984 3800 utque
997 3725 1089 3795 etrum,
1104 3727 1204 3784 antini.

265 3773 308 3909 l'a
329 3853 394 3929 Ego
408 3873 480 3910 nunc
494 3853 585 3911 Deum
600 3857 697 3913 minist
695 3877 730 3914 ro
744 3864 771 3914 et
786 3856 1142 3934 Obelessamuloferorr'

266 3945 397 4067 >Ego
411 3951 534 4009 Moenus
536 3973 604 4028 ,ego
618 3972 667 4010 mci
668 3957 757 4029 onrs
773 3975 819 4031 ego
834 3958 882 4013 uir
895 3958 999 4014 sterilis
1012 3960 1086 4013 ero?

266 3945 313 4256 :fi
333 4082 397 4159 Ego
411 4085 514 4141 uimiiti
528 4104 546 4142 o
548 4084 626 4160 qula
641 4086 710 4144 ldae
723 4090 788 4144 niue
801 4091 903 4146 unrt'cto
918 4090 976 4146 loco
991 4108 1021 4146 co
1022 4089 1104 4146 tamt

266 4141 398 4259 'Ego
412 4185 498 4240 uitam
512 4202 595 4259 agam
610 4183 707 4242 subla
694 4187 742 4242 ltis
755 4186 903 4263 thgioe
917 4206 946 4244 co
946 4187 1126 4244 luminibus?

342 4279 394 4339 Vbi
403 4300 484 4338 cerua
498 4300 522 4338 st
522 4283 687 4354 ΙαιϊιιΙΙνιζτ,
702 4283 752 4341 ubi
763 4294 830 4359 opor
844 4286 1066 4360 nemoriuogust

268 4427 311 4486 ιγ
332 4411 396 4470 lom
411 4413 468 4471 ium
483 4415 553 4473 dolet
564 4417 639 4491 quod
648 4417 700 4492 egi,
717 4417 774 4473 tuni
789 4418 899 4491 iamque
908 4398 1033 4493 poenitet.
