2872 5002
138 343 197 399 262
546 335 603 395 DE
629 332 891 396 PARTITIONE

138 503 194 560 nisi
222 501 303 578 quod
331 502 421 561 semel
449 501 590 577 Corydon
618 517 727 559 nouem
755 496 892 577 (ao-37),
921 496 1032 557 Battm
1060 496 1169 557 &cem
1197 512 1278 555 uem

138 600 239 659 recitat
263 599 399 679 (44-53).
442 600 557 659 Rursus
580 600 610 656 in
635 598 700 656 Eid.
726 596 803 656 VIII
831 596 990 656 Menalcae
1016 606 1091 656 octo
1117 595 1281 655 nemnem

139 700 255 757 canenti
270 700 301 777 (6
305 699 398 777 3-71)
412 699 548 776 Daphnis
569 714 679 756 nouem
699 699 805 774 regerit
819 693 959 774 (qa-80).
1003 695 1069 757 Sed
1083 706 1115 754 et
1127 695 1283 753 exactiorem

140 808 316 856 concentum
340 810 420 857 amat
445 797 576 857 Catullus
598 807 627 856 et
648 813 741 854 unum
762 812 880 854 uersum
904 795 1056 854 excidisse
1079 794 1176 853 forma
1195 792 1285 851 indicat

139 895 296 972 archetypi.
339 896 429 956 Hunc
443 906 511 972 post
525 892 589 972 (59)
605 893 813 963 Rossbachius,
828 902 896 968 post
909 891 978 972 (65)
994 892 1152 969 Hauptius
1171 902 1202 950 et
1217 888 1287 949 m·

139 1011 226 1052 nerus
240 1007 408 1071 posuerunt,
423 995 498 1070 ego¹
512 1005 581 1070 post
595 990 668 1071 (62).
696 991 772 1049 Illud
785 992 865 1049 enirn
878 990 925 1049 hic
939 991 1032 1050 uideo
1048 989 1202 1051 Cattrllum
1215 987 1288 1047 adec-

140 1101 218 1151 tasse
232 1104 264 1151 ut
283 1112 320 1151 ex
340 1093 490 1152 uocabulis
505 1110 581 1168 quae
602 1092 633 1149 in
653 1107 833 1167 unoquoque
855 1107 942 1149 uersu
963 1099 1045 1162 sunt,
1067 1107 1166 1148 unum
1186 1084 1291 1164 aliquod

140 1191 171 1247 in
185 1192 321 1267 proximo
342 1201 492 1267 repeteret.
536 1188 584 1248 Sic
599 1200 698 1266 pugna
714 1199 845 1266 pugnare
865 1186 926 1267 (59,
948 1186 1013 1266 60),
1029 1195 1121 1264 pater
1137 1193 1221 1263 pater
1238 1184 1290 1263 (6ο,

142 1287 202 1365 61),
218 1299 304 1365 parte
319 1299 389 1364 pers
411 1287 472 1366 (62,
494 1287 555 1365 63),
576 1289 661 1345 erran
680 1289 764 1345 Μία
783 1286 847 1365 (63,
864 1285 924 1365 64).
966 1286 1007 1345 Et
1027 1286 1091 1345 hoc
1105 1287 1138 1344 in
1153 1278 1292 1365 (⁶2)·(⁶5l

142 1386 209 1445 lecit
224 1398 273 1456 ter,
289 1405 350 1445 non
372 1386 440 1445 lecit
460 1389 491 1445 in
511 1395 632 1463 quarto;
654 1385 733 1444 unde
749 1387 875 1462 priorem
888 1387 1031 1459 περικοπὴν
1043 1393 1189 1461 quattuor
1203 1398 1293 1443 uersus

142 1485 398 1560 comprehendisse
413 1485 468 1542 sub
482 1483 585 1542 iisdem
599 1483 711 1559 legibus
725 1482 861 1541 credibile
876 1492 930 1541 est.

184 1581 338 1641 Habemus
352 1583 438 1658 igitur
454 1596 491 1656 55
508 1602 526 1657 9
644 1601 691 1656 9..
737 1579 807 1657 Ipsa
821 1580 1001 1640 concertatio
1014 1599 1034 1638 a
1047 1579 1175 1657 stropha
1188 1589 1217 1638 et
1229 1577 1292 1636 anti·

143 1678 264 1755 stropho
286 1681 387 1755 incipit
407 1698 544 1738 uersuum
566 1697 703 1738 senorum
718 1679 765 1737 uel
779 1679 875 1755 potius
891 1688 942 1753 5†
956 1697 980 1736 r.
1024 1677 1175 1738 Secuntur
1189 1688 1293 1753 septem

143 1777 240 1833 manci
258 1775 402 1854 (32-38);
425 1789 487 1836 turn
502 1777 622 1853 stropha
636 1787 664 1835 et
678 1777 876 1854 antistrophos
889 1777 1044 1847 denorum,
1054 1777 1139 1853 prior
1149 1771 1293 1855 (39)-(48)

143 1891 161 1930 a
182 1873 342 1949 uirginibus
364 1885 479 1934 cantata
499 1893 567 1934 cum
589 1877 703 1951 ι’φυμνίφ
717 1874 826 1948 Hymen
843 1875 870 1933 0
882 1874 1048 1951 Hymenaee,
1062 1875 1179 1949 Hymen
1195 1874 1258 1932 oder
1270 1868 1294 1928 0

143 1968 307 2047 hymenaee,
323 1970 476 2052 (49)-(48)
491 1973 610 2031 alterna
624 1973 777 2032 iuuenibus
792 1973 844 2032 sed
858 1974 920 2033 sine
933 1973 1061 2050 ἐφυμνίφ.
1098 1970 1294 2050 Reprehendit

143 2067 199 2126 hoc
215 2069 398 2146 Spengelius,
411 2071 579 2146 addiditque
593 2071 717 2144 ἐφύμνιον
730 2070 869 2128 iuuenum
883 2069 1019 2146 strophae
1035 2080 1106 2148 post
1120 2070 1198 2149 (58).
1239 2066 1293 2126 Sed

144 2185 211 2225 cum
226 2169 305 2245 prior
319 2169 438 2245 stropha
457 2188 492 2227 ro
507 2187 654 2239 uersuum,
668 2167 865 2244 antistrophos
880 2168 1016 2226 undecim
1031 2169 1090 2227 iam
1113 2169 1193 2228 lacta
1212 2177 1293 2235 essct,

144 2284 261 2324 uersum
277 2265 414 2344 strophae
430 2267 508 2325 addit
523 2275 590 2342 post
605 2263 669 2343 (39)
684 2275 794 2325 rnutato
808 2273 842 2324 ul
850 2265 910 2341 flor
922 2266 953 2323 in
967 2267 1061 2341 utstos
1074 2269 1151 2342 μὴ·
1172 2267 1293 2325 eundem

144 2377 211 2440 post
227 2364 291 2443 (40)
306 2365 497 2425 Hermannus
511 2376 540 2423 et
556 2365 711 2440 Hauptius‚
723 2375 790 2442 post
804 2361 869 2443 (4ι)
881 2364 1081 2423 Froehlichius
1096 2365 1294 2425 Rossbachius

144 2463 318 2524 Leutschius
353 2465 513 2523 Pleitnerus
547 2465 737 2522 inseruerunt.
793 2462 858 2523 Nec
886 2463 1017 2539 negarim
1045 2462 1104 2522 hoc
1133 2464 1294 2523 continuari

145 2563 334 2641 antistropho,
358 2565 440 2622 cuius
461 2562 548 2620 Hanc
568 2562 646 2619 nulli
663 2563 810 2638 agriem,
832 2562 909 2619 nulli
923 2561 1028 2618 coluere
1048 2564 1164 2621 rienenei
1181 2564 1294 2641 quintus

146 2661 190 2731 sit,
206 2663 323 2737 quintus
338 2672 435 2720 autem
450 2660 587 2736 strophae
601 2678 680 2719 nunc
695 2660 744 2718 tiat
757 2659 854 2717 Multi
864 2660 943 2716 illurn
953 2661 1046 2734 paen}
1058 2662 1162 2719 multae
1175 2668 1296 2737 optarem

143 2760 249 2834 puellae
258 2782 273 2827 ;
306 2761 385 2837 quod
415 2761 492 2818 idern
514 2759 589 2818 cadit
609 2760 640 2816 in
661 2757 760 2815 Muln'
783 2760 862 2815 ellam
886 2759 1034 2834 agricolae,
1056 2760 1144 2816 multi
1165 2761 1296 2818 accoluere

147 2859 257 2914 znuence'
276 2860 322 2916 cui
343 2859 519 2933 respondeat
540 2859 569 2914 in
591 2856 709 2933 stropha
730 2856 821 2914 Nulli
843 2856 923 2913 illurn
944 2859 1039 2930 pueri,
1060 2860 1155 2915 nullae
1176 2867 1296 2935 optarem

140 2956 256 3028 puellae.
299 2956 358 3013 Sed
373 2966 471 3013 tarnen
486 2974 587 3013 uereor
601 2974 639 3013 ne
653 2966 761 3013 temere
776 2955 832 3012 hoc
848 2952 1021 3013 admittatur.
1064 2954 1144 3014 Nam
1157 2958 1293 3015 iuuenum

146 3069 315 3127 quanquam
340 3072 406 3110 cum
436 3053 616 3128 antistropho
645 3053 812 3111 terminatur
837 3052 875 3111 ad
902 3053 1030 3127 uirgines
1051 3056 1216 3130 responsi0,
1238 3072 1293 3113 non

148 3149 232 3207 simul
247 3162 349 3208 cantus
364 3151 477 3215 desinit,
493 3150 544 3208 sed
559 3152 751 3209 conuersione
772 3152 810 3210 ad
827 3161 949 3227 nuptum
970 3151 1054 3223 lacta,
1068 3151 1146 3213 hanc
1167 3154 1295 3214 uersibus

148 3250 209 3306 siue
224 3259 336 3324 septem
359 3249 419 3306 siue
441 3259 510 3306 octo
532 3248 712 3319 adlocuntur,
728 3251 832 3325 quibus
853 3249 940 3307 finitis
960 3257 1023 3307 tum
1043 3250 1164 3310 demum
1186 3253 1296 3312 additur

148 3345 257 3421 Hymen
282 3346 307 3404 0
328 3345 490 3420 Hymenaee,
512 3345 623 3418 Hymen
644 3349 706 3404 aries
730 3346 755 3404 O
775 3346 938 3423 Hymenaee.
980 3347 1082 3424 Itaque
1097 3360 1129 3408 ut
1143 3351 1174 3408 in
1191 3368 1295 3424 20-31‚

148 3447 189 3504 sic
205 3449 289 3504 etiam
304 3446 334 3503 in
351 3451 360 3519 (
365 3444 448 3523 39)-(
453 3443 503 3523 58)
516 3463 666 3520 superesse
678 3447 765 3504 credo
775 3465 892 3504 carmen
907 3447 991 3522 quale
1002 3465 1020 3505 a
1031 3446 1148 3506 Catullo
1159 3451 1295 3526 scriptum

148 3555 200 3602 est.
244 3545 352 3602 Iterum
367 3546 451 3621 igitur
467 3555 669 3602 recenseantur
684 3544 795 3601 numeri
812 3560 849 3617 55
865 3586 872 3600 .
888 3564 929 3620 9.
946 3546 993 3601 66.
1082 3565 1118 3604 ιο
1138 3565 1192 3604 ro.
1207 3567 1234 3622 9.

190 3642 276 3701 Vnde
301 3643 377 3703 sacili
406 3644 572 3703 coniectura
596 3643 694 3700 elicias
718 3653 791 3717 quot
818 3660 918 3701 uersus
944 3644 975 3700 in
1002 3644 1101 3702 medio
1130 3645 1294 3704 exciderint

149 3739 228 3798 Nam
251 3742 324 3801 inter
346 3744 363 3798 6
385 3752 413 3800 et
439 3760 474 3798 ιο
496 3759 633 3798 numerus
655 3751 710 3798 stat
731 3740 897 3799 octonarius
909 3761 918 3812 5
940 3741 989 3816 qui
1013 3759 1152 3801 numerus
1175 3745 1198 3801 si
1220 3754 1248 3802 et
1268 3743 1296 3800 in

150 3840 267 3916 stropha
282 3840 334 3899 luit
349 3851 377 3899 et
392 3842 422 3899 in
440 3839 621 3915 antistropho
641 3858 763 3915 quarum
784 3850 896 3915 septem
917 3840 1123 3900 tantummodo
1144 3850 1297 3920 supersunt

150 3955 259 4009 uersus,
278 3940 448 3998 exciderunt
469 3956 586 3996 nouem.
628 3937 664 3996 Id
686 3938 851 3997 confirmari
865 3956 901 3995 ex
916 3937 1073 4015 archetypo
1094 3939 1154 3998 iam
1176 3943 1207 3999 in
1229 3940 1296 3998 Pro·

149 4034 311 4111 legomenis
326 4038 393 4096 dixi.
435 4037 541 4096 Totius
556 4037 640 4113 igitur
655 4038 799 4113 poematis
814 4040 902 4109 σχῆμα
916 4035 974 4094 hoc
989 4036 1095 4095 eruitur

558 4160 988 4199 Γ“““““-““““““““’“1

629 4210 897 4239 mee-tw

461 4215 992 4317 ffi.9.66.88.roro.9

184 4361 192 4389 ¹
211 4363 274 4410 Idem
292 4370 343 4422 post
360 4351 498 4425 me'placuit
514 4367 617 4429 Peipero,
635 4369 767 4431 priusquam
784 4366 910 4415 editionem
929 4378 1005 4413 meam
1021 4365 1115 4414 uidisset
1133 4367 1178 4427 (Q.
1198 4368 1299 4417 Valerius

150 4444 255 4493 Catullus
266 4459 288 4505 p.
304 4444 354 4505 15).
