2872 5002
454 365 820 428 PROLEGOMENA.
1159 364 1216 422 xxl'

48 533 239 592 existumanti
262 535 416 593 iuuentum
430 531 563 594 codicem
584 535 734 593 nemiuem
751 533 966 610 transcripsisse
987 540 1056 590 ante
1076 548 1144 589 eum
1159 530 1209 607 qui

49 647 129 689 anno
172 645 253 706 1375
294 631 547 708 Sangermanense
580 632 749 709 exemplum
787 631 925 690 exarauit.
978 628 1037 701 Qui
1075 629 1210 705 quamuis

50 729 210 786 autumarit
229 727 344 787 nullum
363 729 440 788 aliud
459 730 589 789 extitisse
609 729 759 806 exemplar
779 728 859 788 unde
876 738 975 804 posset
995 726 1084 786 libelli
1102 727 1210 786 habere

51 827 171 902 copiam
196 827 394 904 exemplandi,
415 828 494 887 unde
517 828 549 887 id
571 838 652 887 certo
678 829 751 886 scire
775 829 907 904 poterat?
949 826 1029 885 Nam
1050 826 1075 884 si
1095 834 1211 885 constat

51 926 173 984 Ineunte
202 943 282 986 saec.
311 925 385 985 XIV
412 926 565 986 inuentum
593 944 658 986 esse
688 927 822 986 codicem
851 923 965 998 Catulli,
991 924 1016 983 si
1044 924 1103 983 iam
1129 940 1210 982 anno

59 1041 137 1099 13²9
152 1031 215 1083 tres
233 1022 340 1083 Catulli
360 1042 462 1084 uersus
476 1025 621 1102 excerpsit
634 1025 758 1101 scriptor
770 1023 951 1083 Veronensis
964 1023 1171 1099 Anthologiae‚
1186 1021 1212 1082 si

55 1139 136 1180 anno
156 1136 236 1197 ¹3⁴7
252 1122 362 1200 legerat
376 1125 571 1200 citaueratque
585 1123 729 1195 Petrarca,
740 1123 906 1199 eodemque
921 1121 981 1181 lere
995 1131 1127 1197 tempore
1142 1121 1212 1179 Pas·

53 1220 215 1296 trengicus,
232 1221 368 1280 uidentur
388 1223 447 1280 iam
469 1239 550 1281 anno
571 1235 649 1295 1350
668 1223 722 1280 tria
740 1221 895 1279 minimum
916 1220 994 1280 lacta
1010 1219 1098 1279 luisse
1112 1236 1211 1278 exem·

53 1318 164 1395 pluria:
187 1337 266 1396 quae
279 1320 355 1378 intra
368 1320 447 1380 hunc
461 1338 615 1379 numerum
637 1320 750 1380 stetisse
768 1337 824 1378 nec
838 1319 900 1379 ueri
914 1319 1008 1378 simile
1022 1329 1076 1389 est,
1090 1327 1120 1377 et
1134 1317 1213 1376 aliud

56 1416 243 1477 demonstrat
256 1418 394 1478 codicum
409 1419 503 1495 qualis
517 1419 556 1478 ad
570 1429 700 1478 nostram
715 1427 840 1478 aetatem
855 1418 987 1496 peruenit
1001 1417 1149 1477 condicio.

94 1514 177 1574 Nam
191 1516 274 1592 quod
287 1518 332 1576 uir
346 1518 539 1594 peritissimus
559 1518 696 1577 codicum
714 1516 755 1576 H.
771 1517 809 1578 Ο.
824 1516 908 1577 Coxe
928 1516 1001 1574 mlhi
1020 1515 1212 1585 confirmauit,

55 1613 192 1673 codicem
207 1613 441 1674 CanonicIanum
456 1634 496 1690 30
510 1625 539 1675 et
552 1617 649 1693 ipsum
663 1616 781 1675 saeculo
795 1614 870 1673 XIV
883 1615 1023 1693 scripturn
1042 1631 1115 1684 esse,
1129 1614 1160 1672 id
1175 1612 1213 1672 ad

56 1711 134 1772 hanc
147 1713 354 1789 quaestionem
367 1714 487 1772 maximi
501 1731 568 1773 esse
582 1713 740 1786 neminem,
754 1722 787 1772 ut
800 1713 915 1790 opinor,
929 1712 1036 1789 fugerit
1053 1712 1104 1789 qui
1122 1729 1213 1788 appa·

56 1820 153 1868 ratum
177 1820 310 1870 nostrum
334 1812 498 1871 accuratius
521 1811 689 1871 excusserit.
731 1811 795 1870 Iam
823 1812 853 1870 in
881 1810 1009 1871 editione
1037 1811 1107 1870 anni
1134 1811 1211 1884 1867

56 1907 188 1966 dixeram
202 1907 281 1968 hunc
295 1909 429 1968 codicem
443 1907 496 1989 (0)
510 1927 559 1968 me
574 1919 623 1969 aut
636 1909 871 1987 antiquissimum
884 1907 992 1967 habere
1013 1909 1147 1967 omnium
1162 1906 1213 1984 qui

56 2024 138 2066 nunc
151 2016 284 2066 extarent
294 2018 344 2068 aut
357 2026 418 2067 uno
433 2007 628 2068 Germanensi
641 2008 816 2067 interiorem.
837 2007 926 2067 Nunc
937 2024 1006 2066 cum
1020 2007 1213 2066 Behrensium

56 2104 176 2164 uideam
190 2104 269 2165 idem
283 2121 320 2165 ex
335 2124 402 2165 meo
416 2107 491 2166 libro
504 2107 689 2184 perspexisse
704 2124 828 2183 eamque
842 2124 904 2165 rem
922 2105 1013 2165 fusius
1029 2114 1168 2165 tractasse
1181 2104 1213 2161 in

57 2201 210 2262 Analectis
230 2202 400 2263 Catullianis
422 2206 471 2282 qui
492 2204 605 2264 libellus
625 2205 716 2264 Ienae
737 2203 846 2280 prodiit
864 2221 945 2264 anno
967 2206 1055 2278 1874,
1075 2202 1214 2261 minutius

58 2298 97 2358 de
118 2301 223 2359 codice
243 2300 401 2360 dicendum
421 2311 474 2361 est.

101 2396 167 2456 Iam
189 2399 316 2475 primurn
338 2400 421 2460 locos
444 2418 596 2477 apponam
620 2399 651 2459 in
678 2400 784 2476 quibus
812 2399 840 2460 G
865 2410 894 2460 et
920 2397 947 2457 0
974 2407 1077 2459 contra
1101 2405 1213 2456 ceteros

58 2495 178 2556 codices
192 2497 232 2556 ita
245 2498 415 2576 conspirant
428 2510 461 2558 ut
474 2501 615 2559 maiorem
627 2500 830 2578 antiquitatem
844 2507 1001 2558 testentur:
1024 2496 1059 2557 cl.
1072 2495 1213 2555 Behrens.

59 2611 155 2670 nu·

186 2691 238 2751 XI.
296 2704 367 2769 gut
384 2693 412 2754 G
428 2693 463 2768 0,
478 2694 527 2753 ubi
540 2702 598 2754 cett.

122 2788 237 2849 XXXI.
276 2809 311 2867 ¹3
332 2793 430 2868 gaude
447 2791 513 2861 00,
527 2793 654 2869 gaudete
668 2799 725 2852 ceit.

78 2887 238 2949 XXXVII.
295 2909 311 2947 2
333 2891 456 2967 pilleatis
473 2890 539 2962 00,
554 2891 667 2968 pileatis
680 2897 738 2949 cell.

59 2985 237 3046 XXXVIII.
295 3008 310 3047 a
334 2989 409 3048 male
424 2991 448 3048 si
463 3008 512 3048 me
529 2989 595 3061 00,
609 2990 686 3049 male
701 2999 746 3051 est
760 2989 784 3051 si
798 3009 846 3050 me
859 2998 917 3051 cett.

158 3085 236 3145 LXI
257 3089 313 3162 169
334 3087 390 3147 hac
404 3087 455 3148 tibi
472 3087 538 3160 00,
553 3108 587 3149 ac
602 3089 653 3148 tibi
667 3094 724 3148 cett.

130 3185 242 3246 LXIV.
257 3205 315 3261 213
337 3203 429 3263 egens
445 3186 511 3261 00,
526 3187 644 3264 Aegeus
658 3193 715 3247 cett.

260 3303 319 3359 324
341 3303 417 3362 opus
434 3285 500 3359 00,
515 3286 581 3363 opIs
595 3293 652 3346 cett.

118 3381 245 3441 LXVII.
284 3401 319 3440 12
340 3383 422 3443 istius
440 3383 506 3456 00,
520 3385 566 3444 isti
576 3386 708 3461 plerique.

100 3478 244 3539 LXVIII.
281 3493 316 3555 37
341 3481 400 3540 noli
418 3480 484 3553 00,
499 3481 591 3541 nolim
605 3489 661 3540 cett.

216 3578 834 3650 ,fflmwmmwm

99 3673 241 3735 LXXVI.
280 3693 313 3734 rr
338 3677 387 3753 qui
409 3678 449 3735 tui
470 3678 570 3736 animo
590 3678 719 3738 offirmas
743 3678 809 3752 00,
832 3679 891 3752 Qui
913 3692 943 3741 tu
965 3683 1064 3742 animo
1086 3682 1214 3741 offirmas

387 3781 442 3833 celi.
461 3776 586 3852 plerique

276 3875 312 3930 18
334 3883 466 3933 extremo
483 3873 550 3946 GO,
565 3885 697 3935 extrema
711 3882 768 3935 cett.

113 3967 240 4028 XCVII.
297 3974 315 4029 8
337 3972 482 4048 megentis
499 3972 564 4043 00,
580 3974 713 4033 meientis
727 3982 783 4034 cett.
796 3978 920 4053 plerique

172 4065 242 4125 CII.
302 4085 314 4125 r
339 4070 376 4127 ab
390 4070 510 4146 antiquo
529 4070 594 4143 00,
609 4073 647 4131 ab
661 4075 757 4132 amico
771 4081 827 4134 cett.

177 4162 240 4223 CV.
301 4184 314 4223 r
338 4167 479 4244 pIpileum
497 4168 563 4243 00,
577 4171 716 4247 pipleium
729 4178 786 4230 cett.

147 4260 243 4321 CXII.
303 4284 315 4321 1
339 4263 431 4325 homo
448 4266 513 4339 00,
529 4268 678 4347 homoque
692 4277 749 4328 cett.
757 4271 891 4347 plerique.

60 4358 119 4418 His
134 4360 210 4420 adde
221 4361 362 4424 lectiones
377 4383 498 4441 quarum
514 4368 608 4442 prima
621 4387 727 4428 manus
741 4370 771 4427 in
786 4370 913 4445 utrisque
932 4369 990 4428 00
1003 4373 1155 4432 consentit.
