2872 5002
131 384 190 440 236
580 373 638 434 DE
665 370 931 432 t’ltttrmorttt

173 595 355 656 Manifestior
367 611 439 652 usus
452 606 541 651 notae
565 613 606 662 (s.
646 589 797 666 Exscripsi
810 586 867 648 111.
884 607 934 648 ra.

174 749 346 809 ,tiiseramm
361 758 406 805 est
428 753 464 799 ,A
486 765 552 823 neq:
566 711 657 818 amin
671 745 741 805 dare
754 743 857 803 ludum
870 751 912 799 .Λ

173 843 371 966 Νηῦεᾛὼ
384 854 445 954 uiro
459 885 564 944 lauere.
577 896 627 944 aut

174 987 352 1046 Exanimari.
373 996 539 1044 metuentes
551 996 673 1060 patruae

175 1086 306 1145 Verbera
319 1084 453 1160 lingnae;

175 1184 245 1244 Tibi
259 1183 378 1259 qualum
392 1181 554 1258 Cythereae
568 1198 642 1258 puer
655 1180 717 1239 ales
729 1187 768 1233 st

176 1283 246 1342 Tibi
260 1283 333 1340 telas
347 1298 439 1357 opero
450 1298 544 1360 seque
558 1280 711 1338 minemae

178 1381 281 1442 Studiir
294 1379 396 1439 aufert
419 1378 544 1437 neobule
557 1378 658 1455 liparei
672 1376 760 1436 Nitor
772 1375 855 1435 hebri
866 1395 877 1448 3

178 1479 270 1539 Simul
285 1490 391 1538 unctos
404 1477 534 1536 tiberinis
547 1475 686 1535 humeros

178 1579 264 1638 Lauit
278 1577 404 1634 inundis.
425 1592 516 1651 eques
529 1575 595 1650 ipso
609 1573 713 1633 melior

177 1674 373 1736 Bellerofonti.
395 1691 462 1749 neq:
474 1690 576 1750 pugno
589 1691 656 1749 neq:
672 1673 755 1749 segni
770 1671 848 1731 Pede
861 1672 955 1730 uictus
967 1676 1009 1724 ,Λ

179 1777 270 1836 Catus
285 1772 363 1832 idem
378 1783 563 1848 perapertum
578 1771 724 1846 fugientes

180 1876 298 1950 agitato
313 1889 403 1949 grege
418 1888 521 1928 ceruos
534 1870 660 1929 iaculari.
681 1880 711 1928 et

180 1972 265 2032 Celer
279 1971 338 2029 alto
352 1969 512 2028 latitantem
526 1967 659 2027 fruticeto

181 2072 324 2148 Excipere
338 2085 451 2148 aprum.

181 2169 262 2229 Hinc
278 2168 371 2228 elucet
384 2166 547 2226 distributio
560 2165 745 2243 stropharum
758 2165 852 2242 qualis
866 2183 885 2224 a
898 2167 1096 2242 grammatico
1107 2167 1217 2229 tradita
1230 2181 1285 2230 est
1303 2166 1382 2229 Habet

141 2272 220 2332 enim
235 2287 353 2329 carmen
369 2286 385 2338 4
402 2265 538 2342 strophas
559 2264 606 2323 uel
629 2273 787 2339 systemata
807 2264 971 2324 ionicorum
984 2282 1003 2323 a
1017 2266 1158 2339 minore:
1181 2269 1317 2347 singulae
1329 2280 1383 2328 stro

141 2372 217 2448 phac
240 2389 257 2442 4
279 2384 418 2426 uersuum
439 2375 515 2434 sunt,
537 2380 663 2440 quorum
684 2364 795 2439 priores
816 2374 874 2421 tres
895 2372 994 2422 ternos
1015 2363 1143 2436 ionicus,
1166 2378 1291 2444 quartus
1311 2383 1385 2428 uuum

142 2471 237 2529 habet.
279 2465 364 2538 Quae
378 2464 535 2540 descriptio
546 2479 714 2540 quanquam
728 2479 783 2520 nec
793 2461 927 2521 Bentleio
936 2460 1045 2537 placuit
1054 2481 1113 2524 nec
1127 2465 1273 2542 cuiquam
1287 2466 1387 2543 elegat

142 2570 250 2628 tiorum
270 2565 411 2643 placitura
429 2572 482 2634 est,
497 2578 607 2638 magno
629 2560 798 2619 adiumento
813 2561 866 2618 erit
880 2560 915 2619 iis
928 2559 979 2636 qui
993 2558 1102 2620 Horati
1119 2562 1199 2624 odas
1216 2563 1388 2641 quaternario

143 2684 266 2726 numero
291 2682 395 2723 omues
419 2660 541 2721 credunt
565 2658 674 2719 diuidi:
699 2677 768 2716 nam
789 2659 872 2716 utin
894 2658 1058 2735 decapodia
1078 2658 1156 2739 (κατὰ
1177 2665 1241 2720 δέκα
1266 2663 1388 2737 συζηῶς)

143 2784 261 2825 carmen
283 2763 420 2833 distribui,
438 2763 477 2818 ita
492 2758 612 2834 singulis
627 2756 797 2833 decapodiis
811 2766 969 2834 quaternos
982 2774 1084 2817 uersus
1098 2760 1208 2832 inesse,
1222 2764 1263 2821 ab
1277 2762 1391 2838 antiquis

144 2864 280 2923 traditum
301 2862 430 2919 arbitror.
472 2858 578 2916 Euenit
593 2867 691 2914 tamen
706 2857 736 2914 in
750 2838 862 2926 codice,
877 2856 958 2933 quod
971 2873 1061 2915 nemo
1076 2858 1240 2931 mirabitur,
1254 2872 1288 2921 ut
1302 2861 1391 2920 tertiae

144 2960 280 3037 strophae
292 2970 362 3016 nota
373 2958 522 3016 exciderit:
538 2968 656 3032 quartae
671 2972 732 3012 non
746 2953 796 3012 ubi
811 2955 894 3032 sequi
906 2953 1030 3013 debebat
1043 2944 1113 3030 post
1129 2954 1222 3016 Catus
1235 2960 1307 3017 rilem
1315 2971 1395 3036 para

140 3058 405 3136 pertunsagrinles,
421 3055 472 3112 sed
487 3054 524 3111 ad
540 3054 627 3112 finem
643 3055 742 3111 tertiae
764 3052 902 3128 strophae
923 3052 1095 3111 inueniatur.
1138 3052 1255 3114 Eadem
1276 3058 1393 3116 turbatio

145 3169 280 3215 notarum
296 3165 388 3212 toturn
403 3153 536 3211 codicem
551 3152 664 3221 inuasit,
678 3162 709 3208 ut
723 3150 920 3227 periculosum
934 3151 970 3209 sit
983 3149 1117 3211 disertius
1138 3154 1302 3232 quidquam
1316 3155 1352 3214 de
1365 3156 1393 3214 iis

145 3259 250 3316 dicere.
293 3253 352 3312 Sed
374 3263 472 3310 tamen
495 3269 557 3309 non
582 3250 686 3308 desunt
711 3268 786 3326 quae
811 3250 909 3307 minus
930 3247 1051 3308 confusa
1071 3250 1110 3308 ad
1132 3270 1190 3312 nos
1214 3255 1395 3330 peruenerint

145 3355 283 3417 caeteris:
306 3351 384 3411 uelut
399 3350 422 3409 I.
441 3368 476 3422 14
498 3351 549 3409 ubi
567 3347 698 3406 uersibus
714 3367 741 3422 5,
759 3370 786 3424 9,
806 3367 841 3405 10
856 3347 960 3406 eadem
981 3356 1052 3407 nota
1070 3373 1109 3422 ,Λ
1129 3354 1270 3427 apposita
1290 3364 1342 3424 est,
1363 3351 1395 3410 ad

145 3476 193 3515 uu.
213 3473 258 3530 13,
278 3468 311 3528 17
327 3462 358 3509 ut
377 3451 464 3509 etiam
486 3446 779 3520 ad14,18excidit;
802 3445 826 3504 Ι.
843 3464 877 3504 21
896 3444 1024 3504 Drbnonr
1044 3453 1151 3505 merae
1171 3449 1254 3508 dria‘te
1275 3453 1395 3528 ar'rgrires

146 3554 244 3613 addita
258 3563 302 3611 est
316 3549 448 3608 uersibus
462 3564 488 3622 5,
501 3550 528 3618 6,
542 3568 569 3622 9,
585 3566 629 3616 11,
646 3565 691 3620 13,
706 3565 742 3603 err
758 3546 863 3621 quibus
880 3560 907 3619 5,
920 3565 948 3619 9,
963 3562 999 3619 ι3
1014 3545 1099 3621 primi
1113 3556 1183 3605 suut
1197 3549 1395 3627 stropharum:

147 3652 202 3711 111.
221 3648 462 3724 25ubiad5,9,
481 3666 526 3719 14,
546 3647 590 3716 16,
610 3659 654 3719 17,
675 3664 712 3702 ex
733 3645 839 3721 quibus
862 3658 888 3718 5,
912 3666 940 3720 9,
965 3658 999 3719 17
1023 3645 1173 3721 stropham
1195 3647 1348 3726 incipiunt,
1365 3667 1395 3718 14

147 3771 198 3830 per
210 3766 336 3808 errorem
351 3758 452 3805 notam
468 3745 554 3802 habet
568 3764 604 3802 er
620 3761 704 3801 uersu
721 3761 756 3817 13
772 3743 912 3802 tralatam.
953 3742 1051 3802 Etiam
1064 3741 1134 3802 illud
1148 3745 1186 3804 de
1200 3746 1259 3807 hac
1272 3759 1343 3808 nota
1356 3772 1391 3817 ,Λ

147 3848 280 3905 conicio:
310 3846 379 3905 olim
401 3846 528 3921 utrisque
550 3842 693 3920 prioribus
714 3843 848 3901 uersibus
869 3841 997 3902 additam
1021 3842 1108 3902 fuisse
1133 3843 1183 3901 ubi
1208 3847 1329 3923 stropha
1348 3847 1397 3904 hos

148 3947 266 4004 haberet
287 3946 360 4004 inter
381 3962 413 4002 se
434 3941 553 4019 quidem
575 3959 659 4018 pares
681 3942 733 3999 sed
748 3959 766 3999 a
781 3943 862 4000 tertio
884 3954 1054 4019 quartoque,
1070 3941 1116 4002 uel
1139 3943 1243 4003 saltem
1258 3965 1278 4005 a
1291 3929 1398 4024 quarto,

148 4045 304 4114 seiunctos,
320 4043 419 4122 quales
434 4050 501 4099 sunt
516 4040 651 4099 Alcaicae
667 4039 830 4116 Sapphicae
845 4041 1054 4119 Asclepiadeae
1069 4041 1148 4101 uelut
1158 4042 1315 4115 Andriaere,
1325 4044 1398 4120 Lyce,

147 4141 195 4198 Dr'
206 4161 263 4200 raca
278 4149 341 4201 uota
356 4141 408 4212 Di,
422 4138 529 4197 Pastor
538 4157 599 4195 cum
613 4138 737 4195 traheret
748 4141 896 4218 cumsreta
904 4140 1041 4216 perfidus.
1083 4137 1181 4199 Huius
1195 4142 1238 4199 rei
1252 4159 1400 4220 superesse

149 4241 237 4299 credo
252 4259 313 4300 nou
327 4240 415 4298 dubia
429 4238 551 4312 uestigia
563 4256 570 4308 ;
592 4236 633 4297 sic
648 4236 703 4295 Ill.
722 4255 757 4312 13
775 4236 802 4295 0
811 4238 885 4316 sons
898 4237 1062 4297 Bandusriu
1076 4248 1176 4298 uotam
1191 4239 1283 4299 habet
1297 4252 1327 4302 et
1339 4242 1401 4301 huic

149 4339 245 4396 uersui
268 4348 296 4398 et
318 4336 450 4414 sequenti
471 4336 665 4412 adscriptam:
695 4336 735 4395 ΙΙ.
762 4354 797 4411 19
817 4335 900 4412 quod
920 4345 990 4395 octo
1012 4335 1197 4414 strophamm
1219 4338 1403 4400 Alcaicamm

149 4445 200 4505 est,
231 4446 301 4495 nota
328 4443 397 4512 post
425 4433 587 4494 secundum
615 4452 734 4494 uersum
762 4434 874 4511 primae
903 4435 1023 4511 quintae
1049 4445 1159 4507 sextae,
1182 4447 1253 4514 post
1280 4440 1405 4517 primum
