3158 5168
314 475 378 540 146
761 472 1022 541 CATVLLI

444 662 531 729 Cum
554 661 689 747 Phrygii
711 662 842 728 Teucro
865 662 1048 728 manabunt
1071 661 1233 746 sanguine
1254 663 1373 747 campi.

440 775 628 858 Troicaque
650 774 806 840 obsidens
828 773 1011 857 longinquo
1034 774 1166 840 moenia
1187 775 1285 856 bello,

443 887 567 953 Periuri
591 886 721 970 Pelopis
743 887 888 952 uastabit
910 887 1027 953 tertius
1048 885 1151 952 heres.

400 999 531 1066 Currite
552 1000 712 1066 ducentes
734 999 955 1082 subtegmina,
980 999 1106 1079 currite,
1130 997 1204 1064 iusi.

334 1131 380 1198 dm
396 1137 488 1202 Illius
512 1137 661 1220 egregias
683 1135 821 1201 uirtutes
844 1134 998 1219 claraque
1019 1136 1107 1202 sacta

443 1249 552 1332 Saepe
574 1249 765 1313 fatebuntur
786 1258 962 1331 gnatorum
986 1248 1020 1312 in
1042 1250 1156 1313 funere
1178 1257 1311 1329 matres,

442 1361 529 1426 Cum
552 1362 684 1425 incuruo
706 1381 807 1426 canos
829 1361 999 1425 soluenta
1022 1361 1145 1426 uertice
1168 1363 1283 1439 crines,
1421 1387 1472 1438 350

443 1474 646 1558 Putridaque
668 1473 804 1538 infirmis
827 1473 1002 1538 uariabunt
1025 1482 1160 1557 pectora
1182 1473 1312 1556 palmis.

400 1585 531 1652 Currite
553 1587 713 1652 ducentes
733 1586 956 1670 subtegmina,
979 1586 1106 1662 currite,
1131 1585 1203 1650 iusi.

327 1718 386 1783 dm
399 1723 557 1806 Namque
579 1722 671 1788 uelut
694 1724 814 1788 densas
835 1731 1049 1806 praecerpens
1072 1723 1180 1788 cultor
1200 1722 1320 1788 aristas

349 1953 409 2002 344.
445 1937 542 2007 phrigii
557 1937 721 1992 ABGLa¹ah
791 1937 862 2005 frigii
876 1937 924 1991 07
990 1943 1087 1992 teneto
1101 1939 1124 1992 Ο
1137 1938 1276 1994 utuidetur
1356 1942 1471 2008 tergob
1561 1967 1562 1970 =

313 2010 453 2062 teneroH
521 2008 708 2064 manebunto
779 2012 841 2064 Post
853 2009 982 2076 sanguine
995 2011 1060 2063 nihil
1071 2010 1165 2063 habam
1176 2011 1222 2062 Da
1294 2013 1382 2063 tenen
1394 2013 1470 2065 ACG
1561 2047 1562 2052 κ

312 2122 433 2186 tenenI.
521 2085 677 2178 diditus.
760 2123 881 2176 teuent)
965 2121 1054 2176 teneri
1067 2120 1119 2176 La¹
1198 2121 1288 2174 teucri
1300 2120 1471 2176 aarum
1561 2129 1562 2144 ¹

314 2194 416 2247 Vossius
487 2194 579 2246 trunci
591 2196 609 2247 h
622 2195 674 2248 Γπ.
686 2194 724 2248 ed.
737 2197 830 2247 Parm.
845 2208 912 2258 1473
985 2194 1044 2246 ueri
1057 2193 1077 2245 d
1152 2192 1241 2260 campi
1255 2211 1321 2245 corr.
1334 2193 1363 2243 D
1378 2213 1469 2263 marg.

312 2265 335 2316 L
359 2265 459 2317 Statius
484 2265 599 2334 Silligius
620 2266 749 2335 Hauptius
774 2265 881 2331 Heysius
902 2263 1070 2316 Rossbachius
1090 2262 1122 2315 L.
1142 2264 1285 2316 Muellerus
1310 2263 1469 2318 Behressss'us

310 2336 376 2402 quod
393 2335 559 2403 coufirmatur
577 2335 675 2390 XLVI.
695 2354 710 2401 4
729 2346 754 2390 et
770 2335 852 2388 simili
869 2333 919 2387 laco
938 2335 1017 2388 Statii
1038 2332 1134 2387 Achill.
1154 2337 1176 2386 I.
1196 2338 1282 2398 84-88
1303 2335 1417 2401 ‘Quem
1435 2341 1468 2388 tu
1561 2331 1562 2346 ¹

311 2405 319 2433 ⁴
333 2404 387 2458 iilic
405 2411 500 2459 natum
514 2406 593 2471 Sigeo
606 2405 633 2458 in
646 2406 768 2474 puluere,
785 2410 889 2474 quanta
901 2405 1042 2472 Adspicias
1057 2404 1156 2457 uictrix
1170 2403 1352 2472 Phrygiarum
1366 2404 1468 2458 funera

310 2477 460 2529 ‘matrum
497 2477 569 2529 Cum
592 2482 657 2529 tuus
677 2477 810 2530 Aeacides
830 2476 925 2544 tepido
944 2475 1028 2528 modo
1047 2475 1179 2542 sanguine
1198 2475 1325 2528 Teucros
1342 2475 1468 2529 Vndabit

311 2547 320 2576 ‘
332 2562 452 2616 campos,
465 2547 550 2600 modo
568 2563 656 2600 crassa
668 2548 744 2600 exire
756 2547 861 2599 uetabit
877 2546 1001 2598 Flumina
1014 2552 1043 2598 et
1057 2545 1214 2598 Hectoreos
1226 2546 1347 2598 tardabit
1366 2545 1468 2600 funere

308 2617 445 2683 ‘currus‚’
454 2638 525 2687 quem
537 2617 618 2671 locum
626 2629 685 2688 post
697 2637 736 2671 me
747 2618 837 2671 attulit
849 2619 977 2670 Lucianus
987 2617 1125 2670 Muellerus
1136 2617 1174 2671 ed.
1187 2635 1257 2669 suae.
1266 2629 1365 2685 p.133.
1393 2619 1469 2671 Adde
1545 2671 1551 2685 ,

309 2691 419 2742 eiusdem
429 2690 506 2742 Statii
515 2690 542 2742 S.
554 2691 581 2742 V.
595 2705 617 2754 3.
631 2706 662 2754 39
674 2687 807 2756 ‘Phrygio
818 2686 882 2740 dum
893 2688 1007 2756 pingues
1018 2688 1147 2754 sanguine
1157 2701 1268 2754 campos
1279 2685 1364 2751 odiit
1372 2699 1399 2742 et
1408 2690 1468 2742 (bil.

312 2763 362 2824 30⁶
377 2760 519 2812 ‘Teucria
538 2775 601 2812 curn
614 2775 713 2825 magno
726 2764 850 2810 manaret
868 2758 998 2824 sanguine
1016 2757 1113 2810 tellus!
1215 2757 1267 2810 riui
1284 2759 1322 2810 ed.
1336 2758 1467 2828 causum.

314 2835 379 2894 1481
396 2831 508 2884 Aldinae
520 2831 651 2884 Guarinus
663 2830 782 2884 Muretus
795 2829 910 2898 Scaliger
923 2828 1025 2896 Vulpius
1038 2830 1192 2896 Doeringius
1206 2827 1318 2882 Orellius
1391 2830 1467 2881 Cum

311 2899 422 2969 Phrygii
441 2907 539 2954 tenero
558 2915 594 2954 in.
613 2917 634 2954 s.
652 2900 741 2968 campi
762 2899 803 2953 uel
821 2896 1051 2966 Cum-Phrygiae
1070 2899 1182 2951 Teucro
1207 2913 1245 2952 m.
1266 2914 1287 2951 s.
1311 2904 1405 2952 teme
1426 2899 1469 2954 uel

311 2971 382 3023 Cum
403 2970 452 3025 Ph.
466 2971 578 3023 Teucro
602 2987 640 3024 m.
658 2987 679 3024 s.
698 2971 769 3023 muri
788 2971 886 3024 Statius
990 2969 1069 3024 cliuei
1091 2969 1218 3038 Hauptius
1327 2967 1467 3038 Phrygiae

309 3039 346 3093 T.
360 3056 397 3093 in.
416 3057 437 3093 s.
457 3040 572 3095 Thebae
584 3040 625 3096 sul
635 3040 762 3110 Phrygiei
776 3041 812 3093 T.
826 3039 1002 3094 maculabunt
1014 3040 1142 3107 sanguine
1156 3038 1274 3092 Theben
1288 3041 1464 3096 Froehlichius
1561 3051 1562 3064 ¹

309 3109 377 3163 fines
389 3113 513 3165 Frituius.

347 3197 407 3248 345.
444 3181 604 3252 Trociaque
618 3183 685 3236 Gm.
693 3195 737 3253 pr.
810 3181 925 3252 Troyca
939 3181 984 3236 Vd.

1099 3257 1110 3284 e

347 3294 408 3358 346.
444 3291 551 3346 Peruiri
563 3294 593 3346 II
660 3294 791 3349 certiusa
863 3293 976 3346 herosd
1044 3291 1125 3346 heros
1137 3294 1169 3345 P.

346 3378 407 3429 347.
443 3363 494 3416 sub
506 3364 627 3429 tegmina
640 3365 663 3418 Β
734 3365 908 3431 subtegmine
920 3365 954 3419 II.

346 3451 406 3501 349.
443 3439 571 3488 natorum
585 3436 657 3489 Dal.
1368 3473 1371 3480 .

346 3521 405 3570 33ο.
443 3506 515 3559 Cum
528 3506 555 3559 io
568 3504 690 3560 cinerem
702 3506 862 3560 Dhabeded.
875 3508 922 3558 Pr.
998 3505 1092 3566 Quom
1105 3503 1226 3558 cinerem
1239 3506 1264 3556 P
1345 3502 1420 3558 Cum
1436 3505 1465 3560 in

308 3575 412 3630 ciuium
424 3573 626 3631 BCGLa¹La²V
713 3578 784 3630 Cum
797 3578 899 3630 ciuium
912 3577 962 3629 AL
1050 3576 1122 3628 Cum
1135 3575 1163 3627 in
1176 3575 1283 3628 curium
1301 3575 1464 3631 AmbrosJI.

308 3649 352 3713 46,
365 3647 510 3714 nisifallor
593 3649 666 3700 Cum
678 3648 707 3700 in
718 3664 834 3714 curuum
846 3649 873 3700 H
961 3647 1032 3700 Cum
1044 3647 1150 3699 inciuos
1162 3647 1185 3698 0
1197 3665 1233 3698 m.
1242 3658 1284 3715 pr.
1297 3648 1363 3713 quad
1372 3655 1464 3700 eadem

308 3739 401 3772 manus
413 3721 440 3772 in
458 3708 580 3784 inciuds¹
593 3721 743 3772 immutaus‘t
838 3718 983 3773 soleuntO
1072 3717 1182 3770 soluunt
1194 3717 1223 3768 H
1317 3717 1424 3770 crimen
1439 3719 1464 3772 0

306 3789 401 3844 cinere
414 3789 525 3843 incanus
538 3789 654 3859 Scaliger
664 3792 830 3844 Passeratius
973 3790 1046 3842 Cum
1063 3789 1179 3842 incuruo
1198 3802 1283 3840 canos
1297 3788 1349 3857 ipse
1360 3791 1464 3843 cauci.

308 3860 350 3927 Cf.
363 3860 439 3914 Ouid.
457 3862 497 3913 M.
511 3862 594 3913 XIII.
607 3876 657 3924 427
711 3862 839 3930 Scriptum
848 3863 945 3928 fuerat
962 3859 1107 3914 incuruom
1233 3858 1305 3910 Curn
1323 3857 1464 3913 incultum
1561 3931 1562 3952 Χ

308 3944 380 3985 cano
392 3932 501 3984 soluent
513 3947 530 3983 a
542 3937 613 3984 uert.
627 3931 732 3984 crinein
746 3931 908 3985 Behrensius.

344 4017 405 4066 351.
441 4000 593 4054 narrabunt
599 4014 644 4071 pr.
656 4002 680 4053 L
742 3999 848 4070 'pugnis
860 4001 884 4056 b.

343 4087 403 4137 352·
440 4072 612 4139 subtegmine
625 4068 713 4128 ΗΜ.

344 4157 405 4208 353.
440 4141 678 4211 NanqueACth
747 4140 867 4195 ueiudi'
934 4141 1094 4208 dempsasO
1165 4139 1273 4195 denrsas
1287 4145 1316 4196 V.

343 4229 403 4278 353.
440 4210 644 4284 pria)ecrrnens
659 4209 1051 4267 ABCGLLa¹La²VbadeVeu
1134 4211 1463 4281 ptemensaniicernens

339 4369 348 4399 ¹
366 4371 418 4418 Hoc
434 4371 490 4432 quid
507 4371 581 4426 fuerit,
593 4369 693 4419 haereo:
712 4369 836 4418 Behrensio
852 4369 927 4417 uisum
944 4379 979 4418 est
995 4370 1119 4418 inciurm
1136 4383 1165 4416 ex
1182 4368 1299 4422 inciuos.
1315 4369 1378 4430 quod
1393 4369 1461 4418 idem

305 4435 391 4498 placuit
414 4436 446 4482 H.
463 4437 492 4484 Ο.
510 4437 601 4484 Coxio:
625 4436 681 4484 mihi
701 4437 778 4498 potius
801 4437 908 4483 uidentur
928 4437 975 4482 duo
995 4435 1130 4496 compendi·
1149 4450 1217 4494 super
1235 4449 1251 4482 ο
1273 4436 1355 4494 scripu
1375 4435 1461 4492 tutum
1561 4457 1562 4480 i

304 4501 403 4614 attensi?
417 4515 463 4577 'pro
481 4514 514 4558 m,
533 4502 596 4563 prius
610 4515 653 4563 pro
674 4517 705 4560 er,
723 4501 753 4551 ci.
770 4501 878 4551 LXVIII.
899 4514 927 4550 ar
941 4499 973 4550 ii'
982 4515 1025 4562 pro
1044 4502 1142 4558 irater,
1161 4501 1213 4549 CX.
1236 4508 1249 4563 7
1267 4491 1394 4548 dictricis
1415 4516 1461 4563 pro

305 4580 381 4614 mere
399 4580 475 4615 ticli·
