2872 5002
429 350 676 420 CARMEN
709 351 820 417 XVII.

78 566 96 578 ..
121 539 167 602 um
223 539 345 603 Munus
360 539 430 604 'hoc'
445 538 531 602 mihi
555 538 695 602 maximi
716 539 768 616 da,
792 536 940 610 Colonia,
964 535 1064 598 risus.⁴
1134 539 1138 555 ²

122 686 142 757 β
186 678 362 762 Quendam
382 679 582 760 municipem
606 698 716 740 meum
740 678 782 740 de
805 687 863 738 tuo
886 674 963 737 uolo
986 684 1089 754 ponte
1175 723 1180 732 .

225 792 277 855 Ire
299 791 513 873 praecipitem
536 791 569 852 in
593 790 699 852 lutum
723 809 781 871 per
803 797 970 871 caputque
993 769 1176 868 pedesque,¹

222 904 347 966 Verum
370 903 473 965 totius
496 910 532 965 ut
554 901 643 964 lacus
667 900 867 983 putidaeque
890 898 1020 981 paludis
1173 922 1201 959 ιο

224 1013 437 1077 Liuidissima
461 1013 674 1094 maximeque
697 994 747 1075 est
769 1010 932 1095 profunda
954 1029 1087 1090 uorago.
1111 1024 1114 1027 ’

120 1175 145 1229 γ,
181 1150 419 1215 Insulsissimus
443 1159 493 1214 est
515 1150 624 1225 homo,
648 1169 708 1212 nec
731 1149 818 1230 sapit
840 1148 931 1228 pueri
955 1142 1058 1213 instar

226 1261 346 1326 Bimuli
366 1263 507 1329 tremula
529 1263 632 1355 patris
654 1261 847 1324 dormientis
870 1259 903 1322 in
927 1257 1014 1325 ulna.

89 1396 148 1459 Ba'
184 1399 270 1478 Quoi
289 1420 364 1463 cum
387 1393 437 1462 sit'
451 1398 649 1461 uiridissimo
673 1406 776 1478 nupta
799 1394 878 1459 flore
902 1395 1011 1477 puella

223 1512 283 1591 (Et
305 1512 415 1594 puella
438 1511 597 1574 tenellulo
620 1511 792 1573 delicatior
814 1508 931 1586 haed0‚

227 1624 441 1687 Asseruanda
465 1623 647 1704 nigerrimis
663 1615 853 1704 diligentius
869 1621 964 1698 uuis),

227 1735 358 1799 Ludere
379 1735 464 1834 hanc
484 1735 561 1799 sinit
580 1745 620 1824 ut·
639 1733 740 1829 lutat,
763 1753 823 1797 nec
845 1732 903 1825 pili
926 1732 1004 1815 lacit
1028 1731 1094 1804 uni,

119 1870 157 1931 a''
184 1873 258 1936 Nec
277 1892 314 1936 se
337 1871 488 1935 sublevat
511 1892 555 1933 ex
578 1891 637 1934 sua
661 1879 763 1953 parte,
786 1869 844 1932 sed
868 1868 957 1932 uelut
981 1862 1076 1931 alnus

229 1984 270 2047 In
291 1984 379 2048 rossa
403 1983 515 2065 Liguri
536 1983 621 2047 iacet
643 1991 840 2063 suppernata
863 1980 976 2059 securi,

93 2180 133 2228 ¹9·
173 2162 281 2229 Fragm.
291 2163 374 2216 Festi.
384 2179 410 2230 p.
420 2180 470 2227 505
484 2161 528 2215 ed.
542 2160 668 2214 Mueller.
705 2161 861 2230 Suppernati
875 2160 999 2213 dicuntur
1010 2139 1098 2227 quibus
1102 2161 1208 2225 femina

57 2240 117 2287 sunt
129 2235 235 2287 succisa
246 2237 272 2286 itt
284 2237 385 2289 modum
398 2235 538 2287 suillarum
552 2248 704 2298 pernarum.
740 2233 840 2284 Ennius
850 2234 876 2282 iu
889 2231 1050 2284 Annalibus:
1071 2229 1097 2281 ls
1109 2245 1208 2296 pernas

57 2307 166 2357 succidit
177 2307 263 2373 iniqua
275 2306 391 2373 superbia
404 2304 497 2356 Poeni.
535 2303 571 2357 Et
584 2303 707 2356 Catullus
719 2303 756 2358 ad
766 2303 903 2360 coloniam:
921 2304 951 2353 In
961 2299 1032 2353 fossa
1042 2299 1132 2367 Ligari
1146 2299 1208 2358 iacet

56 2387 208 2444 suppernata
220 2376 313 2429 securi.

58 2548 189 2601 Guarinus
201 2544 239 2614 (si
250 2546 305 2613 silio
317 2547 467 2599 Alexandro
482 2547 615 2609 credimus,
628 2546 687 2599 haec
704 2544 822 2597 scribatti
835 2541 1025 2594 ‘Salisubsulus
1042 2543 1080 2593 uti
1094 2541 1120 2592 itt
1139 2541 1208 2591 auti-

56 2619 179 2685 ‘quorum
191 2621 354 2670 monumentis
367 2619 455 2685 reperi,
468 2618 546 2669 Mars
557 2635 576 2669 a
589 2615 711 2669 ueteribus
723 2618 804 2668 dictus
816 2625 862 2666 est.
898 2615 1026 2664 Pacuuius
1039 2614 1065 2663 in
1074 2628 1208 2662 armatum

56 2688 160 2742 ‘iudicio
180 2687 236 2740 Pro
254 2688 368 2754 imperio
385 2686 557 2739 salisubsulus
575 2687 596 2738 si
616 2692 710 2737 nostro
729 2684 864 2738 excubet!
937 2684 986 2735 Sed
1002 2683 1042 2734 hic
1061 2699 1148 2733 uersus
1167 2699 1209 2732 nec

56 2777 163 2826 usquam
181 2769 267 2810 exstat
284 2759 361 2822 hodia
373 2769 397 2810 et
413 2776 432 2809 a
446 2758 572 2825 plerisque
585 2768 643 2825 post
656 2756 681 2805 V
678 2759 769 2809 ossium
788 2757 889 2825 spurius
908 2753 1009 2806 habitus
1027 2764 1072 2816 est,
1085 2754 1135 2803 nisi
1147 2752 1212 2818 quod

55 2840 158 2881 tuentur
175 2848 232 2881 eam
251 2828 325 2882 Conr.
343 2829 374 2880 de
391 2828 472 2892 Allia,
491 2827 604 2881 Naekt'us
622 2829 649 2879 in
667 2827 790 2895 opusculis
805 2837 833 2895 p.
856 2823 929 2892 109.)
968 2825 1030 2876 Ald.
1050 2825 1072 2876 Ι.
1091 2823 1209 2875 Muretus

55 2899 175 2967 Scaliger
186 2899 298 2951 Naekius
311 2899 416 2964 Heysius
510 2897 672 2949 salisubsulis
685 2899 783 2949 Statius
797 2898 874 2948 Doet.
890 2894 946 2947 Sill.
960 2894 1046 2948 Haud.
1148 2892 1209 2944 sali·

55 2968 147 3020 subsili
160 2968 341 3021 Lachmannus
354 2969 448 3036 Haupt.
520 2967 665 3020 salisubsali
679 2968 803 3037 Bergkius
816 2967 984 3019 Rossbachius
1066 2961 1211 3028 suscipiant

56 3039 148 3092 codices
168 3057 249 3090 omnes
268 3041 359 3091 sinceri
375 3041 425 3090 nisi
443 3039 508 3105 quod
523 3037 552 3089 h²
569 3038 643 3091 habet
661 3053 705 3089 sus
724 3037 858 3104 recipiant
928 3036 1096 3107 suscipiunto
1111 3036 1173 3098 ΑΜ.
1188 3037 1210 3090 I.

56 3110 176 3177 Scaliger
188 3108 256 3161 Voss.
270 3109 341 3177 Vulp.

92 3195 118 3242 7.
156 3179 265 3230 maximi
279 3179 353 3231 bisC
422 3179 540 3230 maxumi
554 3179 732 3248 Phillippeusis
803 3177 910 3229 culonia
925 3178 985 3230 AL.

92 3254 119 3302 8.
156 3247 378 3371 &mallit
417 3247 452 3300 de
465 3255 513 3302 tuo
526 3249 590 3302 uolo
602 3255 688 3318 ponte
700 3267 748 3300 ont.
763 3246 865 3300 aaut
874 3250 1058 3322 Phillippsnsis.

94 3337 121 3385 9.
167 3326 261 3370 uctum
321 3338 340 3371 a
375 3357 381 3371 .

95 3406 137 3441 10.
174 3389 273 3440 latush
319 3384 471 3454 pudiceque
484 3385 750 3442 BDGHLa¹OVuhls²
794 3404 830 3455 pu
844 3389 977 3455 icequeC
1037 3390 1172 3456 uniceque
1186 3391 1212 3440 A

56 3458 224 3528 putidaeque
235 3458 270 3512 bd
279 3460 317 3513 ed.
333 3474 398 3525 1473
436 3460 606 3527 punicaeque
619 3461 724 3526 Heysius
760 3460 863 3528 paludis
875 3460 909 3512 bd
947 3406 1059 3524 paludes
1069 3472 1123 3513 cett.

97 3547 138 3582 11.
176 3532 316 3582 estom.B
387 3547 441 3598 que
450 3544 498 3599 pro
511 3538 552 3582 est
565 3532 601 3584 D.

96 3617 138 3664 13.
176 3600 237 3651 ulua
249 3620 334 3669 marg.
347 3599 384 3653 W.

97 3688 138 3734 ¹4·
178 3667 230 3720 Cui
243 3669 332 3722 iocum
346 3671 380 3720 sit
391 3674 483 3727 codices
491 3684 596 3741 praeter
608 3673 650 3723 Ha
732 3671 782 3722 Cui
796 3673 913 3723 iocunda
925 3672 990 3724 sita
1074 3671 1126 3720 Cui
1140 3670 1214 3720 sitH

58 3741 109 3792 Cui
124 3755 187 3792 cum
200 3740 235 3791 sit
249 3741 366 3809 Baptista
381 3742 510 3795 Guarinus
525 3745 653 3795 Auantitss
667 3743 739 3794 Mur.
753 3743 819 3793 Stat.
886 3743 958 3808 Qtoi
973 3756 1035 3793 cum
1049 3741 1085 3792 sit
1098 3742 1214 3807 Scaliger

59 3812 136 3880 uulgo
148 3823 172 3862 et
185 3810 292 3863 Lachm.
364 3813 415 3863 Cui
430 3813 505 3864 iocus
518 3813 633 3864 Handius
646 3815 732 3864 additu
745 3819 786 3862 est
798 3824 853 3880 post
865 3813 961 3879 puella.

97 3899 138 3945 15.
177 3880 214 3933 Et
229 3879 328 3935 ACLh²
392 3883 428 3933 Vl
442 3894 497 3935 cett.
512 3885 574 3935 Ald.
590 3886 610 3934 Ι.
624 3885 696 3934 Mur.
711 3883 780 3934 Scul.
795 3882 863 3934 Voss.
929 3883 968 3932 Sit
983 3882 1022 3934 uel
1036 3883 1082 3932 Set
1096 3881 1213 3932 Heinsius

60 3951 110 4003 Est
123 3951 305 4005 Lachmauuus
373 3953 485 4019 leiella
498 3956 558 4005 cuni.
573 3954 650 4005 Alex.
665 3955 795 4005 Guarinus
863 3953 982 4004 tenelulo
996 3952 1148 4003 dedicatior
1161 3950 1214 4000 edo

60 4020 164 4073 BLa¹V
231 4023 611 4075 tenetulodilicatioredoH
680 4023 782 4074 tenello
795 4025 831 4076 D.
1193 4029 1195 4033 ’

97 4095 139 4144 16.
176 4091 388 4146 AdseruandaO
508 4095 669 4158 nigerrimus
682 4095 734 4146 BH
851 4091 982 4158 nigellulis
998 4096 1057 4144 cuni.
1072 4092 1214 4166 Spengelius

60 4162 221 4214 delicantius
234 4162 284 4213 AL
426 4152 588 4229 deligaritius
601 4167 628 4219 C.

98 4250 139 4296 17.
175 4232 259 4287 hana
330 4242 361 4285 ut
375 4234 450 4286 lubet
464 4255 511 4290 om.
524 4256 550 4290 a.

100 4309 139 4356 18.
179 4301 237 4355 Nec
251 4318 295 4355 me
307 4305 398 4356 codices
411 4326 492 4358 ontues
565 4304 624 4357 Nec
637 4322 665 4356 se
679 4308 716 4359 ed.
734 4320 798 4369 1473
881 4305 1000 4357 ueludB
1080 4305 1154 4359 uelut
1168 4305 1216 4361 sed

61 4374 143 4427 al’um
157 4374 185 4424 tt
325 4375 401 4427 alitus
413 4396 448 4430 un
462 4377 536 4428 aluus
549 4377 571 4428 0
584 4379 629 4429 uix
641 4377 764 4428 diiudicet.

98 4462 138 4512 19.
178 4443 323 4500 lnl'ossasb
415 4446 593 4506 lraurrcodices
608 4466 688 4498 omnes
703 4448 801 4511 sinceri,
815 4447 925 4514 uulgutt
940 4447 1045 4503 Larlsm.
1141 4447 1216 4512 ligari

629 4542 654 4596 l)
