2872 5002
509 322 760 388 CARMEN
793 319 911 386 xtvb.

658 559 767 625 wa.

350 675 390 740 St
414 674 468 756 qui
490 673 575 738 sorte
599 693 746 737 mearum
770 670 968 754 ineptiarum

350 786 504 850 Lectores
527 785 615 848 eritis
639 802 821 865 manusque
844 790 969 879 uestras

350 896 426 959 Non
449 895 623 958 horrebitis
645 894 822 957 admouere
844 892 951 968 nobis,

433 1033 455 1073 ἥ
603 1033 625 1074 Ἰ-
776 1032 798 1072 ἥ

674 1313 750 1376 XV.

203 1430 260 1488 Aa
311 1426 530 1492 COMMENDO
554 1425 615 1488 tibi
638 1446 692 1489 me
714 1447 752 1490 ac
776 1445 867 1489 meos
889 1445 1027 1500 amores,

350 1535 475 1601 Aureli.
518 1536 658 1601 Veniam
680 1547 759 1620 peto
781 1537 970 1619 pudentem,

350 1647 408 1725 Vt,
429 1648 457 1712 si
479 1649 656 1731 quicquam
679 1649 790 1712 animo
811 1656 870 1712 tuo
892 1648 1020 1730 cupisti,

352 1757 452 1841 Quod
475 1768 603 1824 castum
626 1770 800 1840 expeteres
822 1768 856 1823 et
879 1759 1081 1843 integellum,

310 1869 494 1935 Conserues
516 1890 654 1953 puerum
678 1871 756 1934 mihi
780 1871 910 1952 pudice,

662 2111 732 2165 XIV
741 2109 765 2166 b.

172 2183 208 2237 Hi
219 2202 308 2238 uersus
320 2201 376 2238 cum
388 2184 511 2238 carminis
524 2184 596 2235 XIV
599 2202 673 2237 uersu
686 2182 775 2237 ultimo
787 2186 968 2238 continuantur
979 2186 1006 2236 in
1016 2182 1145 2237 codicibus.
1181 2185 1287 2238 Primus

141 2255 258 2324 Baptista
271 2254 409 2319 Guarinus,
421 2256 446 2307 si
453 2253 513 2322 filio
531 2254 664 2319 credimus,
678 2255 808 2307 Auantius
826 2256 850 2306 si
868 2254 979 2307 ordinem
997 2256 1126 2322 sequimur
1141 2254 1287 2320 edricum,

139 2325 278 2378 translatos
300 2343 317 2377 a
339 2324 390 2376 ioco
406 2343 451 2378 suo
468 2335 526 2394 post
543 2325 618 2378 XVI.
639 2340 669 2389 ¹³
685 2327 778 2393 posuit,
795 2343 896 2392 eumque
914 2327 991 2377 secuti
1008 2336 1067 2378 sunt
1085 2324 1147 2376 Ald.
1167 2325 1189 2376 I.
1210 2324 1286 2378 Alex.

140 2396 270 2449 Guarinus
283 2394 379 2447 Statius
389 2392 558 2463 (quamquam
570 2396 596 2446 in
609 2397 787 2448 commentario
799 2396 893 2448 alienos
905 2395 948 2446 bos
961 2413 1049 2447 uersus
1058 2413 1077 2447 a
1089 2412 1111 2447 c.
1121 2395 1191 2446 XVI
1194 2392 1287 2462 putat)

138 2465 254 2534 Scaliger
266 2465 341 2517 Conr.
353 2466 383 2517 de
395 2463 474 2518 Attio.
512 2466 611 2518 Vossius
623 2466 786 2518 tetrastichon
792 2466 868 2531 facit
884 2464 971 2517 addito
984 2462 1121 2517 Pedicabo
1133 2479 1185 2530 ego
1196 2479 1246 2516 uos
1258 2470 1288 2516 et

139 2534 288 2600 irrumabo,
299 2552 369 2602 quem
382 2554 483 2589 uersum
495 2554 552 2588 cum
565 2543 605 2587 ter
615 2537 724 2604 scriptus
736 2546 799 2588 esset
810 2537 858 2601 hic,
872 2536 903 2586 X
903 2536 946 2587 VI.
963 2551 985 2599 1,
998 2535 1071 2588 XVI.
1087 2551 1128 2598 14,
1139 2552 1158 2586 a
1170 2533 1287 2587 librariis

137 2609 164 2659 in
175 2606 261 2658 media
272 2605 327 2658 sede
333 2606 449 2672 primum
461 2607 589 2670 omissum,
598 2623 657 2658 mox
668 2624 696 2657 eo
707 2625 725 2659 a
732 2607 823 2674 prima
834 2607 959 2659 inuectum
962 2607 1050 2671 fuim
1060 2615 1148 2658 emet.
1173 2606 1287 2657 Vossium

138 2678 216 2730 secuti
232 2685 293 2729 sunt
309 2673 411 2744 Vulpius
429 2675 591 2756 Docringius.
638 2675 807 2728 Froebiichius
827 2678 898 2744 ponit
918 2687 978 2729 ante
1001 2675 1075 2728 XVI.
1096 2691 1178 2727 1-11
1199 2677 1289 2728 smisso

138 2748 224 2801 rotun
236 2746 312 2798 XVI.
326 2761 350 2810 a,
360 2743 452 2798 Aureli
465 2745 572 2812 pathice
584 2751 614 2797 et
626 2744 740 2798 cinaede
751 2745 824 2810 Furi,
834 2765 905 2814 quem
918 2765 1020 2801 uersum
1032 2764 1089 2799 cum
1097 2747 1171 2798 XVI.
1184 2762 1286 2810 12-14

139 2817 213 2871 abiud
228 2819 390 2886 epigramma
400 2815 493 2886 fferre
503 2814 660 2870 arbitratur.
696 2816 838 2870 Pleitnerus
852 2829 877 2871 et
889 2817 1007 2870 Klotzius
1019 2828 1069 2885 pro
1079 2835 1107 2870 se
1116 2819 1217 2885 quisquc
1228 2827 1289 2869 ante

139 2891 178 2941 11.
198 2902 301 2951 11-13
316 2896 420 2955 ponunt,
437 2885 531 2940 duobus
547 2886 709 2956 fragmentis
727 2889 754 2939 in
772 2905 850 2940 unum
867 2889 1018 2941 coniunctis:
1040 2889 1118 2940 etsie
1136 2887 1288 2940 Schwabius

155 2959 260 3028 Quaest.
271 2955 367 3010 Catuli.
371 2968 400 3026 p.
411 2955 477 3026 297)
485 2966 510 3008 ct
518 2957 675 3010 Behrcnsius.
711 2957 768 3025 Ego
778 2976 833 3009 cum
842 2959 933 3011 Puccio
942 2960 1045 3011 Perreio
1055 2958 1152 3028 Silligio
1162 2957 1289 3027 Spengelio

155 3031 183 3082 in
195 3027 295 3082 Secbodi
310 3026 377 3081 Nou.
388 3028 481 3081 chron.
494 3027 573 3080 Paed.
590 3032 654 3079 1828
659 3030 689 3094 s.
701 3028 746 3080 IV.
755 3038 783 3095 p.
799 3024 863 3096 122)
900 3027 1065 3081 Lachmanno
1076 3030 1186 3098 Hauptio
1199 3029 1289 3096 Hcysio

140 3098 293 3152 Rossbacbis
306 3109 355 3166 pro
362 3099 517 3166 fragmento
531 3116 570 3150 eos
585 3098 662 3151 habco
680 3098 804 3150 carminis
820 3100 890 3151 cuius
910 3100 1028 3151 maxima
1043 3110 1110 3168 pars
1130 3101 1228 3153 amissa
1244 3101 1288 3153 sit.

142 3171 174 3222 ln
190 3169 235 3221 boc
252 3167 381 3221 Catullum
399 3168 471 3221 credo
489 3187 575 3223 uersus
594 3187 650 3221 suos
668 3167 805 3236 legentibus
825 3168 1009 3221 commendasse
1019 3178 1043 3221 et
1055 3187 1142 3222 orasse
1153 3172 1254 3223 ueniam
1265 3172 1290 3222 si

141 3240 203 3308 quid
218 3239 384 3308 inpudentius
401 3239 495 3291 dixisse
513 3241 581 3292 uisus
594 3241 691 3305 fuerit.
728 3235 814 3290 Simile
830 3248 867 3290 est
885 3239 1015 3292 exordium
1033 3242 1155 3293 carminis
1174 3238 1291 3293 Bibaculi

140 3309 212 3379 apud
223 3309 320 3428 Suefon.
334 3309 615 3363 Gramm.tliust.X1.
630 3309 656 3360 Si
669 3308 729 3376 quis
741 3307 814 3361 forte
827 3308 883 3360 mei
891 3307 1005 3361 domum
1015 3309 1137 3372 Catonis,
1147 3312 1291 3379 comparari

141 3398 160 3433 a
173 3381 192 3432 S
276 3380 308 3432 io.

182 3391 287 3502 Ipengseic
298 3449 345 3516 qui
357 3450 420 3503 coni.
431 3451 538 3504 Paccius
550 3449 620 3519 apud
630 3446 786 3518 Spengeiium
798 3450 824 3502 in
837 3449 935 3502 Secbodi
946 3448 1012 3503 Nou.
1023 3450 1115 3503 Chron.
1127 3450 1205 3503 Pacd.
1221 3453 1288 3502 1828
1313 3422 1334 3459 ⁶

134 3521 222 3589 fJV.
236 3531 265 3588 p.
286 3537 344 3579 122,
357 3518 433 3571 ‘Nec
452 3534 557 3584 recuso,
576 3519 672 3587 inquit,
690 3519 756 3587 quin
776 3519 814 3571 ita
831 3535 942 3588 quoque
959 3519 1065 3573 faciatis
1082 3521 1204 3573 uersibus
1222 3520 1291 3572 rneis

144 3592 232 3661 ‘quos
244 3595 275 3641 ut
287 3590 371 3642 malos
383 3587 529 3657 proiciatis,
539 3589 561 3642 si
574 3591 620 3658 qui
633 3590 660 3642 in
674 3605 722 3642 eos
734 3589 901 3642 incideritis?
938 3591 974 3644 Et
986 3591 1026 3643 hic
1034 3591 1131 3660 quidem
1138 3600 1242 3660 partem
1251 3610 1290 3643 eos

144 3662 220 3713 habet
231 3661 457 3782 carminfflli‘ss:
469 3672 557 3729 postea
575 3661 609 3713 ab
626 3680 653 3714 eo
670 3663 779 3714 seiunxit
791 3671 819 3713 ut
831 3674 910 3729 supra
925 3661 988 3715 dixi.
1061 3660 1088 3712 si
1100 3676 1154 3728 qua
1166 3662 1290 3729 Scaliger.

144 3730 318 3798 ineptiarum
360 3768 368 3783 .

183 3818 207 3866 3.
242 3814 399 3854 ammonere
412 3802 458 3854 OL
472 3800 653 3854 Lachmannus
725 3801 759 3854 ad
771 3816 885 3854 mouere
897 3798 933 3854 h’.

194 3953 235 4006 Ad
250 3954 387 4007 Aurelium
403 3955 629 4013 ABGHLa¹La²h
736 3957 890 4010 Comendat
915 3957 1026 4010 Aurelio
1047 3972 1154 4011 amores
1177 3973 1241 4012 suos
1264 3979 1291 4013 a.

147 4031 263 4100 Spatium
275 4033 348 4084 unius
361 4048 447 4082 uersus
459 4031 486 4082 in
498 4030 531 4083 0.

187 4117 209 4154 1.
246 4099 410 4153 OmendoO
481 4114 526 4151 me
542 4098 592 4151 tibi
606 4095 663 4164 W,
674 4110 699 4152 ct
710 4099 751 4152 hic
762 4099 860 4167 quidem
876 4098 969 4151 additis
983 4097 1063 4152 literis
1075 4119 1139 4166 quae
1154 4100 1291 4169 significent

149 4186 194 4223 me
206 4170 256 4223 tibi
268 4171 416 4225 inuertenda
426 4189 487 4225 esse.

187 4258 211 4292 2.
247 4241 398 4310 pudentem
409 4246 492 4308 pecto
504 4237 533 4291 b²
604 4237 697 4293 Aureli
711 4244 740 4291 et
753 4239 861 4292 ueniam
875 4241 936 4292 coni.
950 4239 1110 4294 Schwabius.

186 4332 211 4375 ⁴·
246 4316 407 4381 expecteres
419 4309 549 4365 CHLo¹h²
621 4317 781 4377 expecteres
794 4310 826 4362 B.

186 4398 210 4446 5.
247 4383 313 4435 mihi
327 4397 443 4450 puerum
457 4401 484 4435 a.
