2872 5002
367 301 572 361 ADDENDA
598 300 936 362 PROLEGOMENIS.
1168 305 1226 361 ³5⁵

74 463 193 521 saeculo
208 464 265 522 XV
280 467 336 525 iarn
360 470 548 528 emendatum
564 480 607 528 est
627 470 656 527 id
675 469 756 546 quod
778 469 808 526 in
822 468 925 526 codice
939 465 1092 525 Veronam
1106 467 1227 527 reducto

74 558 193 619 ineunte
221 565 339 623 saeculo
367 565 441 623 XIV
467 568 603 626 traditum
631 576 676 625 est
702 569 920 640 sent-possunt,
941 582 1036 640 neque
1064 582 1100 623 ea
1127 573 1227 623 tamen

73 659 240 718 emendatio
269 663 299 719 in
328 663 431 724 Catulli
460 666 578 724 codices
609 666 664 723 nisi
692 664 885 740 paucissimos
912 663 1001 721 etiarn
1033 661 1140 722 saeculi
1168 661 1226 738 XV

72 758 207 831 peruasit,
236 778 296 818 non
329 771 373 821 est
402 764 553 822 codicibus
584 763 673 822 etiam
704 760 917 820 recentissimis
941 759 1112 835 abroganda
1143 759 1225 830 fides,

72 872 146 929 quae
171 875 217 915 res
245 857 275 915 in
299 858 414 919 Catullo
439 871 483 919 est
508 860 626 919 maximi
652 869 680 916 et
705 858 767 916 eius
792 857 932 915 similibus
958 855 1077 913 Tibullo
1102 855 1225 932 Proper·

73 956 172 1030 tioque
183 957 199 1011 ¹.

437 1167 756 1229 PROLEGOMENA
779 1189 806 1246 p.
823 1188 869 1228 xx.

111 1333 197 1392 Xichi
217 1333 372 1393 Polentoni
393 1335 490 1393 locum
512 1353 548 1393 cx
570 1336 672 1394 codice
691 1335 887 1395 Riccardiano
905 1354 971 1407 121,
989 1352 1077 1411 quem
1098 1352 1152 1410 pro
1173 1352 1222 1394 me

69 1432 149 1507 prius
163 1434 355 1508 exscripserat
369 1434 481 1491 amicus
495 1451 579 1493 meus
590 1432 715 1493 Carolus
726 1434 815 1506 Coie,
827 1435 931 1493 iterum
946 1432 1067 1492 contulit
1081 1431 1222 1491 Nicolaus

69 1529 246 1588 d’Anziani:
276 1549 364 1607 quem
387 1531 509 1589 subicio
554 1529 687 1590 Conceur's
707 1533 767 1589 eius
796 1531 924 1590 Valm'us
944 1530 1075 1595 Catullus
1095 1529 1219 1587 labetur.

67 1628 148 1685 Bello
168 1630 214 1686 laic
233 1631 317 1686 ceieili
334 1629 452 1703 quadiu
474 1629 594 1685 marium
616 1630 682 1686 silla
699 1631 790 1705 gessit
804 1636 887 1688 natus
907 1635 949 1686 est
954 1649 969 1696 ,·
1001 1634 1111 1686 mortem
1131 1632 1220 1685 autent

67 1745 142 1784 rome
154 1730 212 1802 ipso
225 1729 255 1784 in
270 1730 348 1786 etatis
353 1728 428 1803 flore
443 1723 630 1803 (trigesimum
644 1726 744 1803 agebat
755 1726 872 1807 annuns)
887 1728 956 1785 obiit
961 1726 1102 1803 projectus
1110 1725 1152 1783 ad
1162 1744 1220 1782 eane

67 1826 161 1883 urbem
183 1827 212 1883 in
236 1845 291 1901 qua
312 1828 366 1883 etsi
384 1825 537 1901 respublica
559 1826 616 1883 t'am
639 1826 733 1882 uariis
749 1826 926 1902 factionibus
947 1831 974 1882 et
993 1824 1070 1882 bellis
1091 1822 1221 1881 ciuilibus

65 1929 212 1998 egrotaret,
234 1924 379 1999 imperium
400 1931 489 1981 tamen
511 1923 587 1981 orbis
607 1929 633 1980 et
646 1930 789 1997 poetarum
811 1924 999 1999 amplissimus
1019 1922 1086 1979 orda
1105 1922 1146 1978 ad
1162 1920 1219 1977 lile·

64 2040 166 2078 rarum
183 2023 304 2079 onem'une
326 2021 452 2096 templum
473 2028 546 2079 esset.
591 2019 708 2079 Comites
724 2022 780 2078 uite
793 2041 831 2079 ex
844 2022 939 2078 multis
951 2021 1001 2078 sui
1015 2019 1220 2076 amantissimos

63 2119 190 2176 nominat
213 2138 250 2175 na.
278 2118 403 2175 Tullium
424 2123 451 2175 et
475 2117 604 2177 Catonem
626 2120 720 2175 uirum
738 2119 943 2192 grauissimum
964 2118 1044 2174 illum
1065 2117 1115 2172 eui
1126 2101 1218 2188 postea

63 2218 184 2274 uticensi
188 2224 304 2292 propter
318 2217 489 2293 singularem
506 2218 600 2274 animi
617 2216 798 2273 constantiam
811 2222 838 2272 et
849 2215 983 2273 libertates
997 2231 1117 2271 amarent
1130 2212 1218 2269 lacri-

63 2317 177 2375 mabilis
199 2319 305 2375 euersio
329 2320 373 2377 rei
392 2317 500 2391 publice
528 2322 728 2392 cognomentum
756 2316 836 2374 dedet.
877 2315 981 2372 Parma
1012 2311 1123 2372 Catulli
1143 2313 1221 2372 adest

63 2435 151 2473 unum
165 2415 342 2491 epythalamis
355 2421 382 2472 et
396 2416 541 2473 amatoriis
562 2414 642 2472 rebus
659 2414 771 2490 plenum
780 2434 794 2482 ,·
808 2414 950 2491 seminant
966 2412 1045 2480 enen,
1059 2412 1110 2468 eui
1120 2429 1217 2470 uerum

66 2511 167 2571 Clodia
191 2532 285 2571 nomen
312 2519 386 2585 esset,
412 2512 524 2571 lesbiam
542 2513 627 2588 falso
654 2517 736 2569 uocat
755 2519 782 2570 et
803 2511 910 2570 basiis
934 2510 1046 2568 multis
1069 2508 1217 2566 millibus

63 2610 181 2682 basiat,
196 2618 275 2685 atque
288 2610 390 2670 labella
402 2613 461 2668 eius
476 2611 589 2668 basians
602 2609 680 2666 dulci
694 2610 814 2685 quadam
828 2615 855 2667 et
865 2611 965 2667 stricta
986 2607 1140 2665 baseacione
1158 2616 1217 2682 sepe

63 2710 174 2768 mordet.
217 2708 257 2766 Id
270 2710 354 2784 lepide
367 2709 466 2768 scribit
479 2710 519 2766 ad
532 2707 693 2768 Cornelium
707 2727 797 2780 suum,
811 2710 862 2784 qui
874 2725 979 2783 nugas
998 2706 1068 2763 eius
1087 2705 1219 2781 aliquid

61 2826 127 2864 esse
150 2811 272 2882 putare
296 2807 420 2864 soleret.
467 2805 536 2863 Huc
561 2812 628 2863 etate
655 2807 758 2863 nu'rune
787 2807 818 2862 in
842 2806 948 2862 modum
970 2809 1063 2879 pocius
1086 2802 1214 2878 quosdam

62 2924 176 2962 uenerea
197 2923 293 2962 canere
314 2905 459 2962 obleetauit
478 2911 503 2961 et
525 2907 575 2962 isto
596 2906 626 2960 in
642 2923 740 2980 genere
761 2904 871 2961 uersati
882 2904 1028 2979 plurisque
1046 2900 1068 2979 (l
1079 2897 1216 2977 plerique)

60 3009 135 3061 sunt.
177 2997 226 3058 Ea
247 3002 278 3058 de
292 3021 322 3058 re
335 3003 434 3059 cecinit
455 3000 566 3061 Caluus
578 3001 674 3058 cecine't
693 3000 803 3058 Varrus
822 3001 922 3058 cect'nit
941 2998 1089 3059 Cornelius
1112 2996 1215 3056 Gallus

61 3104 159 3159 cecim't
180 3102 349 3176 properatus.
406 3100 486 3159 Hinc
515 3110 594 3177 patet
622 3099 764 3158 Xichonis
792 3099 897 3157 librum
925 3117 986 3157 non
1014 3117 1073 3157 una
1101 3108 1214 3156 tantum

61 3200 198 3270 editione,
213 3198 266 3257 sed
286 3199 418 3258 breuiore
439 3199 537 3270 altera,
553 3199 641 3256 altera
661 3197 794 3273 longiore
814 3198 966 3274 uulgatum
987 3196 1091 3255 iusisse:
1113 3196 1215 3254 ultima

61 3297 98 3355 de
114 3296 209 3355 Caluo
224 3296 311 3356 Gallo
326 3297 476 3372 Propertio
492 3297 634 3372 Propertii
655 3296 793 3354 lectorem
814 3296 1032 3355 demonstrant:
1054 3294 1112 3353 hoc
1134 3293 1213 3351 enim

61 3410 93 3453 se
108 3395 211 3453 ordine
226 3395 374 3472 excipiunt
388 3405 542 3471 poetarum
564 3394 685 3451 nomina
704 3393 791 3471 Prop.
806 3393 847 3453 II.
863 3414 911 3469 34.
927 3397 1038 3468 89-94.
1080 3391 1211 3449 Alterum

59 3492 158 3550 locum
180 3492 322 3552 Xichonis
338 3493 367 3550 in
382 3511 442 3568 quo
457 3492 493 3550 de
508 3491 622 3551 Catullo
645 3492 714 3551 dicit
728 3492 791 3569 ipse
810 3492 909 3550 inueni
924 3509 985 3549 non
999 3489 1087 3565 longe
1101 3507 1119 3546 a
1133 3490 1212 3564 prin-

59 3592 137 3666 cipio
158 3591 222 3649 libri
243 3591 283 3649 ll.
310 3589 400 3649 Suum
422 3609 487 3649 uero
511 3591 582 3670 (om.
608 3589 833 3667 Ambrosianus)
853 3591 894 3647 ad
910 3588 1058 3646 Aurelium
1083 3587 1212 3647 Catullus

60 3688 195 3767 (Catulus
215 3685 368 3764 Ambros.)
397 3687 557 3746 Veronensis
576 3689 697 3747 scribens
717 3694 839 3746 castum
861 3707 924 3745 esse
944 3687 1052 3744 decere
1072 3705 1104 3742 ac
1118 3687 1212 3760 piune

52 3790 178 3860 poetam
200 3785 295 3862 refert.
340 3784 430 3844 Hunc
452 3787 566 3844 tertium
584 3787 717 3845 codicem
739 3786 882 3846 Xichonis
904 3784 941 3844 G.
962 3786 998 3841 62
1020 3783 1211 3844 bibliothecae

91 4005 99 4033 ¹
116 4007 142 4052 ln
153 4005 261 4066 Epistulis
273 4006 401 4053 Beccadelli
413 4005 468 4053 haec
481 4006 557 4055 inueni
568 4022 598 4055 ex
610 4009 704 4056 Catullo
715 4009 784 4056 citata
797 4008 837 4055 tol.
853 4008 901 4063 18¹¹,
914 4007 974 4062 ueni,
986 4007 1064 4061 immo,
1072 4014 1097 4052 ut
1106 4006 1211 4054 Catillus

56 4088 98 4146 uit,
111 4088 189 4135 uiam
201 4104 287 4144 uora;
305 4089 345 4135 sol.
354 4100 364 4134 1
372 4101 410 4149 13,
421 4090 643 4146 maturabis,insmo‚
651 4102 675 4137 ut
684 4090 790 4138 Catullus
801 4091 845 4145 ait,
856 4089 932 4135 uiam
944 4089 1075 4143 uorobis,·
1094 4086 1211 4152 fol.114¹‘,

57 4172 92 4218 ad
107 4180 129 4217 te
145 4171 219 4218 teum
235 4186 286 4217 suns
304 4172 434 4234 uiamque
449 4181 622 4227 uoruturus,·
647 4172 1138 4234 sot.115b,osundmsplaneumemesu
1150 4173 1213 4235 quod

58 4251 168 4299 Catullus
176 4260 243 4314 poeta
258 4252 343 4308 scribit,
354 4253 490 4301 Amantes
501 4270 555 4301 nan
567 4255 655 4318 longe
668 4271 683 4301 a
694 4271 762 4301 earo
774 4262 893 4315 corpore
903 4253 1000 4302 obesse
1010 4256 1117 4303 uolunt.
1152 4255 1210 4304 Vide

57 4335 87 4381 de
102 4334 238 4382 Beccadello
250 4335 399 4383 disserentem
412 4335 433 4395 J.
445 4337 474 4382 A.
487 4336 602 4397 Symonds
618 4338 641 4382 iu
659 4337 716 4382 libro
733 4351 802 4397 quem
819 4337 931 4398 inscripsit
942 4337 1095 4385 Renaissanee
1112 4338 1136 4385 in
1147 4338 1210 4400 [tuly

55 4416 103 4463 vol.
115 4417 147 4463 iii.
159 4431 182 4479 p.
195 4428 243 4479 254
254 4432 302 4478 sqq.

592 4517 642 4558 Aa
659 4519 673 4556 2
