2872 5002
138 329 183 386 xvi
526 322 897 385 PROLEGOMENX

140 511 216 568 orbis
239 509 369 567 ambitum
389 509 621 582 perlustrantium
631 508 648 579 ¹,
672 508 725 567 sed
751 507 954 566 Ιιῦνανὶοηηιι1
981 509 1069 568 etium
1091 519 1146 585 per
1173 528 1288 587 νιμιι

140 608 174 667 F
170 609 283 665 ranceae
300 606 330 664 T
323 608 445 665 eutons'su
457 613 483 664 et
493 604 597 664 Italiae
610 608 734 664 notitiam
748 606 932 681 comparabat.

182 705 272 778 Quod
293 705 420 764 studium
440 706 464 764 si
485 707 515 762 in
535 705 634 781 Anglo
654 705 715 776 luit,
736 722 862 781 quorum
886 704 981 765 adhuc
1005 706 1035 765 in
1056 707 1186 766 obscuro
1208 716 1292 769 erm

141 803 248 873 literae,
269 813 378 880 quanto
399 803 494 878 magis
514 803 545 860 in
565 801 655 862 Italis.

183 898 242 958 Sed
272 918 334 959 non
362 901 402 958 ita
431 900 523 959 multo
555 912 624 976 post
654 901 795 976 scriptum
823 901 880 959 hoc
909 901 1093 977 epigramma
1125 901 1292 963 Guilelmus

142 997 352 1074 Pastrengicus‚
376 999 427 1075 qui
454 999 525 1057 uixit
553 999 630 1057 circa
654 999 842 1074 1295-1360‚
867 997 906 1056 ab
929 998 1042 1074 oppido
1067 1011 1166 1058 autem
1190 997 1293 1076 appel·

140 1095 215 1154 latus
237 1106 281 1154 est
305 1096 387 1171 quod
409 1112 471 1155 non
495 1096 583 1171 longe
607 1097 691 1155 abest
713 1114 731 1154 a
755 1094 885 1167 Verona,
910 1096 941 1153 in
964 1095 1040 1155 libro
1065 1114 1156 1172 quem
1177 1097 1294 1173 scripsit

141 1192 179 1251 de
201 1192 370 1269 Originibus
392 1212 489 1252 rerum
514 1204 639 1271 quatuos
663 1193 737 1252 locis
758 1192 864 1252 Catulli
888 1194 1070 1252 mentionem
1095 1193 1173 1252 fecit.
1217 1193 1294 1267 Hos,

141 1291 178 1349 ab
200 1290 333 1367 Hauptio
356 1289 490 1364 (Quaest.
512 1309 542 1367 p.
564 1309 591 1364 5,
614 1292 647 1363 6)
670 1302 833 1367 excerptos,
858 1291 991 1366 apposui.
1036 1293 1082 1364 (1)
1104 1310 1133 1367 p.
1161 1293 1213 1349 16·
1232 1291 1294 1351 edi·

141 1388 229 1447 tionis
249 1388 402 1447 Michaelis
423 1388 530 1465 Angeli
551 1387 667 1458 Blondi‚
682 1407 759 1465 quae
779 1388 887 1464 prodiit
900 1386 1033 1447 venetiis
1053 1405 1080 1446 a
1101 1386 1294 1449 MDXLVII.

140 1485 264 1543 Beneries
283 1484 487 1562 Langobardus
503 1493 591 1563 gente,
602 1486 701 1561 patrs'a
714 1485 945 1556 Alexandrinus,
963 1483 1173 1561 Carusgrandis
1188 1485 1296 1564 (coes

137 1580 273 1660 grandis)
294 1585 394 1659 primi.
423 1584 486 1641 ende
513 1592 637 1660 nepotum
665 1584 856 1654 cancellarius,
885 1602 1003 1660 magnae
1031 1583 1209 1641 litteraturae
1235 1587 1293 1656 uir,

140 1684 262 1739 omnium
288 1682 576 1759 historiographorum
603 1683 708 1757 scripta
736 1682 906 1756 complectens
933 1687 960 1738 et
984 1699 1004 1739 a
1031 1682 1134 1739 mundi
1154 1687 1296 1740 earisteus·

141 1781 211 1837 tione
241 1780 389 1838 exordium
415 1799 524 1838 sumens
550 1786 713 1837 cunctarum
738 1779 864 1855 gentium
891 1781 1033 1838 nationum
1062 1798 1159 1856 regum
1179 1781 1295 1856 populo-

141 1895 257 1951 rumque
268 1879 392 1935 omnium
405 1878 491 1936 simul
502 1883 582 1954 gesta
601 1878 749 1948 contexuit,
764 1887 831 1951 opus
844 1877 964 1953 grand,
979 1877 1105 1935 uolumen
1123 1879 1294 1951 immensum,

141 1976 217 2050 quod
240 1976 271 2032 in
298 1982 355 2032 tres
382 1976 521 2034 dimensus
548 1981 589 2034 est
604 1982 712 2050 partes,
735 1981 768 2031 ut
785 1975 817 2031 de
840 1975 890 2032 illo
913 1975 972 2032 diei
992 1977 1082 2050 possit
1103 1976 1178 2051 quod
1197 1976 1298 2035 scribit

149 2071 308 2130 Veronensis
327 2078 408 2146 poeta
437 2073 528 2130 doeens
555 2072 654 2130 Ausus
683 2072 791 2147 quedem
823 2090 896 2129 unus
923 2070 1064 2131 Italorum
1091 2091 1169 2130 omne
1195 2092 1295 2133 aeuum

142 2169 234 2228 tribus
260 2169 404 2245 explr'care
430 2170 540 2229 chartis
567 2177 592 2229 l.
621 2169 807 2227 uoluminibus
833 2167 943 2246 Iupiter
968 2171 1051 2228 doctis
1078 2178 1104 2229 et
1129 2170 1293 2231 ulmos&

143 2261 188 2342 (s)
203 2282 232 2339 p.
250 2259 307 2322 181‘
322 2261 473 2322 ‘Catullus
494 2263 653 2322 Verorunsis
668 2269 754 2338 poeta,
771 2261 913 2322 Ciceronis
925 2271 1073 2335 coetaneus,
1089 2263 1195 2321 librum
1212 2265 1295 2323 uarie

144 2365 309 2419 ‘metrorum
323 2379 424 2438 genere
443 2368 603 2432 exaratum,
618 2363 706 2420 multa
725 2362 813 2418 iocosa
831 2367 858 2418 et
869 2361 976 2436 placeto
995 2363 1178 2433 rennuentem,
1193 2362 1294 2420 scolas-

143 2460 222 2516 ‘ticis
235 2459 375 2536 legendum
389 2458 510 2517 tradidit
521 2458 729 2517 Protholomaei
739 2459 910 2517 Alexandri
919 2458 1100 2534 temporibus!
1137 2455 1182 2536 (3)
1194 2477 1224 2535 p.
1236 2462 1295 2534 85⁸

143 2555 342 2615 ‘Mamutram
361 2555 521 2614 Romanurn
540 2559 680 2633 aequitem,
695 2556 822 2614 Formiis
839 2564 944 2627 natum,
958 2554 1065 2615 Rornae
1074 2557 1295 2637 prirnummar-

143 2656 258 2712 ‘mareis
276 2656 380 2712 ersests's
398 2656 482 2713 totius
500 2656 594 2713 domm
612 2675 678 2713 suae
689 2657 811 2731 parietes
824 2656 855 2713 in
871 2655 968 2714 Caelio
982 2661 1067 2713 monte
1079 2655 1208 2730 operuisse
1221 2653 1294 2715 Cor·

143 2751 249 2809 ‘nelius
270 2751 363 2826 Nepos
383 2759 409 2809 et
427 2751 547 2809 Pliru'us
568 2753 702 2829 referunt.
744 2752 912 2827 Addiditque
934 2751 1066 2812 Catullus
1088 2770 1149 2810 eum
1165 2754 1293 2828 primum

80 2909 82 2913 ,
144 2850 222 2905 ‘totis
241 2849 352 2906 aeds'bus
370 2849 478 2905 nullam
497 2850 587 2907 ne'sie
605 2868 742 2908 marmore
763 2849 888 2909 Caristeo
906 2850 1058 2908 columnam
1076 2850 1193 2908 solidam
1206 2849 1293 2908 habu·

145 2944 230 3003 ‘isse'
275 2948 319 3018 (4)
337 2943 397 3002 881>
415 2943 510 3003 Siculi
526 2946 613 3005 libros
629 2950 755 3022 primurn
777 2949 970 3006 circumsedere
988 2955 1132 3024 coeperunt
1149 2966 1211 3006 curn
1231 2955 1294 3007 ante

137 3044 358 3116 pumicarentur,
374 3043 405 3099 de
423 3062 474 3117 quo
495 3041 626 3102 Catullus
648 3044 708 3115 Qui
722 3047 790 3103 dono
808 3047 927 3121 lepidum
942 3064 1041 3104 nouum
1055 3045 1175 3103 lr‘bellum
1189 3045 1294 3104 arride

143 3139 218 3196 modo
228 3140 356 3197 Pune'cae
365 3141 526 3216 expolitum.
554 3140 631 3199 Iden
645 3143 685 3217 (h.
696 3163 721 3202 e.
732 3143 887 3216 Isidorus).
916 3143 1033 3201 Horum
1047 3143 1180 3203 locorum
1193 3145 1294 3204 sestius

143 3256 180 3293 ex
203 3236 277 3295 Plini
300 3237 340 3295 H.
363 3237 401 3296 N.
423 3238 564 3298 XXXVI.
584 3243 623 3314 48
646 3253 780 3317 sumptus
801 3251 853 3301 est.
895 3240 1030 3299 Primum
1050 3239 1161 3300 Romae
1174 3243 1295 3318 parietes

142 3341 240 3392 crusta
261 3338 409 3394 marmores
429 3339 564 3410 operuisse
583 3343 648 3395 totos
668 3339 763 3396 domus
783 3357 849 3397 neue
869 3341 901 3396 in
923 3336 1017 3397 Caelio
1040 3344 1125 3396 monte
1147 3338 1294 3400 Cornelius

142 3431 235 3507 Nepos
253 3434 343 3491 tradit
360 3432 547 3491 Mamurram
561 3433 688 3494 Formiis
701 3443 804 3506 natum,
819 3438 929 3511 equitem
943 3434 1112 3508 Romanum,
1121 3438 1294 3515 praesertim

131 3530 258 3606 fabrum
283 3528 318 3589 C.
342 3529 475 3590 Caesaris
499 3534 530 3588 in
558 3530 657 3592 Gallr'a
682 3552 714 3589 ne
736 3534 806 3607 quid
826 3535 992 3609 indignitati
1012 3535 1088 3604 desit,
1111 3534 1167 3591 tali
1184 3541 1295 3593 auctore

176 3741 184 3770 ¹
201 3741 266 3806 ‘Qui
276 3741 438 3789 circumeuntes
450 3756 514 3788 mare
529 3751 551 3788 et
567 3743 669 3798 aridam,
679 3742 739 3790 orbis
750 3743 861 3792 ambitum
868 3745 1041 3806 perlustrantes,
1052 3745 1228 3793 uniuersitatem
1239 3762 1295 3809 qua-

141 3828 198 3886 ·que
214 3823 361 3871 dimiarum
374 3823 552 3884 mouendarum
563 3824 686 3886 generalia
696 3824 774 3872 studia
782 3834 957 3886 perscrutantes.
969 3827 1053 3874 nostris
1063 3826 1181 3875 desidniis
1192 3827 1295 3876 neuim

143 3903 278 3949 'stridebant
288 3904 415 3951 certissima
426 3913 465 3965 spe
475 3901 598 3952 mercedis!
632 3905 721 3953 Philob.
733 3907 764 3953 ib.

176 3983 186 4012 ⁸
202 3985 413 4033 ‘Stationariorum
429 4000 457 4031 ae
473 3986 626 4032 librariorum
642 3988 748 4034 notitiam
766 4004 812 4035 non
827 3988 901 4036 solnm
917 3989 979 4038 intra
996 3990 1082 4038 natalis
1093 3990 1293 4053 soliprous'neiam

142 4067 196 4113 'sed
211 4074 255 4128 per
273 4081 371 4131 regnum
388 4067 506 4115 stamius
526 4066 650 4115 Teutanias
669 4079 690 4116 es
707 4070 791 4117 ltols'ae
808 4074 991 4133 comparauirnus
1014 4073 1175 4134 depensum
1187 4072 1294 4132 faciliter

141 4155 148 4174 ‘
153 4147 253 4208 pecunia
260 4148 425 4210 mundanus
442 4163 483 4195 nec
493 4164 530 4196 eos
541 4148 655 4197 ullum
666 4151 785 4214 impedient
795 4154 905 4200 damnis
915 4155 1063 4217 nsquefieror
1074 4156 1146 4203 moris
1162 4154 1292 4212 momnis,

141 4235 195 4276 ‘nee
211 4229 244 4276 eis
259 4243 298 4275 aes
311 4237 356 4292 pro
372 4237 469 4290 expensa
485 4230 567 4292 defuit,
577 4232 634 4294 puin
650 4234 684 4282 ad
694 4249 734 4282 nos
745 4243 833 4297 optatos
844 4236 915 4284 tam
925 4236 1104 4284 transmittunt
1115 4237 1153 4284 uel
1163 4236 1294 4302 afferrent!

144 4310 234 4358 Philob.
245 4310 277 4357 ib.
