2872 5002
239 386 297 440 314
705 376 920 436 EXCVRSVS

237 546 366 619 antiquae
379 544 410 602 ob
426 544 477 601 troc
496 561 629 602 nuxm
647 543 787 599 euntium
808 543 956 602 aunuum.
998 543 1129 620 Namque
1149 546 1218 605 diua
1239 547 1395 624 ungam

237 645 286 700 cui
294 643 473 715 sacrficatur
485 642 630 699 antediem
643 639 718 696 XII
732 639 870 698 Calendas
890 641 1049 700 Ianuarias
1067 661 1113 700 ore
1128 643 1250 720 obligato
1262 645 1390 721 obsigna·

237 746 312 814 toque
324 740 505 796 sinrulacmm
519 738 606 797 habet.
647 736 816 796 Macrobius
831 737 859 797 S.
876 738 899 797 I.
918 757 955 797 ιο
969 738 1135 798 Duodeciino
1148 740 1224 818 (ante
1240 742 1298 802 kal.
1312 740 1390 819 Irus.)

237 856 302 893 uero
319 837 417 913 sutae
444 843 511 893 suut
535 837 615 892 diuae
635 835 821 910 Angeronaae,
845 838 895 892 cui
909 837 1052 912 pontifices
1071 839 1102 894 in
1126 840 1226 896 sacello
1263 839 1391 914 Voluptas

236 935 481 1011 sacrumfactum,
495 951 578 1006 quant
600 929 714 989 Verrius
727 931 761 989 F
757 933 848 990 lacau
861 933 1052 1009 deurerentur»
1066 935 1127 993 diti
1135 937 1264 1010 ar'tquod
1274 955 1391 1012 angores

236 1050 271 1088 ae
287 1031 483 1087 sollicitudines
503 1030 661 1087 antirtorunt
675 1031 832 1104 propitiata
853 1031 975 1106 depellat.
1017 1030 1176 1090 Masurius
1196 1035 1289 1091 adulat
1306 1036 1390 1091 uinu-

236 1130 344 1185 lacrum
358 1127 444 1184 huius
456 1127 520 1184 deut
537 1144 583 1183 ore
601 1124 721 1202 obligato
740 1133 820 1200 atque
839 1128 949 1202 agnato
969 1129 1001 1186 in
1020 1149 1076 1189 ara
1101 1130 1231 1204 Votuprae
1244 1137 1391 1206 propterca

236 1227 403 1296 collocatum,
421 1227 495 1298 quod
512 1225 564 1297 qui
583 1242 649 1280 suos
669 1223 773 1280 dolores
796 1227 1003 1301 anxutamque
1026 1228 1208 1285 dusiinulant
1220 1231 1393 1303 permeant

232 1324 383 1397 patientiae
396 1322 521 1397 bnuficio
533 1321 574 1378 ad
584 1321 742 1377 maximam
756 1321 928 1396 uoluptatem.
956 1321 1053 1381 Iulius
1066 1323 1213 1383 Modestus
1227 1326 1286 1382 ideo
1298 1327 1388 1384 sacri-

228 1421 324 1496 ficari
333 1420 400 1476 hur‘c
414 1420 477 1475 deae
489 1419 557 1476 dicit
567 1417 641 1491 quod
653 1419 773 1492 populus
785 1417 933 1478 Romamts
953 1420 1045 1479 morbo
1063 1439 1134 1496 quae
1151 1424 1265 1499 angina
1285 1424 1390 1480 utitur

232 1519 385 1590 praemisso
405 1522 465 1574 uoto
484 1519 524 1573 sit
540 1516 682 1572 lr'btratus.
724 1515 760 1573 ld
782 1515 810 1574 S.
827 1515 882 1575 111.
899 1536 927 1592 9.
944 1536 961 1589 4
983 1515 1051 1593 Ipsi
1067 1517 1198 1576 Rotnani
1214 1525 1241 1577 et
1260 1521 1338 1577 deuna
1359 1522 1389 1576 in

234 1616 313 1671 cuius
326 1614 410 1671 tutela
423 1612 490 1670 urbs
504 1610 657 1683 Romaest,
671 1614 797 1687 etipsius
817 1614 898 1672 urbis
918 1613 1055 1672 Latinum
1076 1633 1171 1674 nonen
1192 1618 1316 1692 &mutat
1336 1634 1389 1675 esse

236 1712 388 1767 uoluerunt.
436 1707 494 1767 Sed
515 1710 561 1766 dci
579 1710 685 1783 quidem
710 1728 804 1766 nomm
826 1711 968 1768 nonnullis
987 1713 1164 1786 mutuorum
1185 1713 1250 1771 licet
1271 1714 1344 1769 inter
1361 1730 1388 1769 se

235 1809 421 1865 dissidentium
435 1807 516 1864 li'brm
529 1807 651 1877 insitum,
664 1813 693 1863 et
704 1807 761 1863 idco
777 1812 882 1865 uenusto
898 1809 1119 1884 persequuntur
1139 1809 1277 1884 quiequid
1293 1811 1324 1866 de
1340 1809 1388 1867 hoe

229 1911 350 1979 putatur
368 1904 493 1962 innotuit.
534 1903 603 1960 Atii
619 1905 692 1961 entire
711 1901 805 1961 Iamna
825 1905 1005 1976 credederunt,
1021 1905 1079 1963 alii
1091 1903 1230 1963 Lunam:
1255 1913 1325 1963 sunt
1339 1907 1390 1981 qui

234 2001 415 2076 Angeronam
436 2020 504 2076 quae
524 2001 609 2076 digito
628 2002 670 2058 ad
687 2019 716 2059 os
739 2001 845 2059 admoto
864 2003 1004 2060 silentium
1024 2002 1191 2070 damnum
1215 2003 1275 2060 alii
1291 2012 1387 2073 autent,

233 2115 349 2172 quorum
369 2099 443 2174 fider
470 2098 543 2155 3337ιὶ
568 2099 678 2156 utetur
696 2099 824 2174 firmior,
855 2097 936 2175 Operi
969 2098 1133 2158 consutum
1160 2118 1216 2157 erse
1242 2101 1387 2159 deunana

234 2194 341 2253 Paulus
362 2215 390 2272 p.
410 2209 456 2269 17.
471 2195 513 2254 M.
529 2194 695 2271 Angeranae
714 2196 778 2253 deae
797 2214 881 2253 sacra
901 2194 1040 2254 Ronanus
1059 2197 1186 2255 »mutua
1206 2203 1282 2267 sunt,
1304 2215 1386 2272 quita

233 2293 340 2368 angina
361 2311 437 2351 omne
452 2312 543 2369 genus
563 2294 731 2350 mundium
756 2299 965 2362 connumeretur,
985 2294 1067 2350 cutus
1082 2293 1165 2370 festa
1189 2292 1387 2368 Angeronatra

233 2390 399 2448 dicebantur.
452 2389 569 2449 Solinus
590 2390 615 2448 l.
636 2393 655 2447 6
677 2390 757 2448 Inter
776 2391 985 2465 antt'qta'rsintus
1003 2408 1071 2447 sant
1092 2391 1237 2466 reliffi'onas
1256 2393 1387 2452 sacellum

233 2488 334 2544 colitur
357 2487 531 2564 Angeronae,
551 2490 601 2546 cui
618 2489 796 2564 sacrficatur
815 2493 878 2544 ante
898 2486 968 2544 utn
988 2484 1066 2543 XII
1073 2485 1100 2543 k.
1113 2485 1180 2544 Ian
1193 2509 1204 2545 .·
1229 2507 1302 2562 quae
1321 2489 1386 2546 alita

228 2587 346 2658 praesul
356 2587 464 2644 u'ltntii
475 2588 562 2662 ipsius
570 2597 716 2662 pruenexo
728 2585 920 2660 obsignatoque
927 2583 1163 2641 aeumulamini
1176 2584 1265 2643 natet.
1289 2585 1384 2646 Gloss

232 2681 383 2742 Philoxeni
398 2703 426 2760 p.
445 2702 479 2740 12
495 2683 658 2760 Angeronta
679 2684 694 2753 ἦ
714 2684 773 2740 θεὸς
791 2686 836 2753 τῆς
853 2683 954 2752 ’βουλῆς
967 2683 1009 2736 καὶ
1021 2680 1136 2752 uapor&
1182 2681 1283 2741 Huius
1305 2683 1385 2742 Deae

231 2790 288 2838 tres
309 2782 451 2855 imagines
472 2782 652 2856 reperiuntur
673 2779 752 2855 apud
775 2778 1029 2846 Montsauconum
1044 2778 1166 2854 Antiqq.
1186 2778 1303 2856 Explic.
1319 2779 1342 2838 I.
1357 2799 1384 2856 p.

233 2895 301 2950 344.
345 2877 459 2936 Omnes
473 2878 597 2953 digitum
618 2861 834 2935 habent'labris
855 2878 1026 2952 inpressum,
1042 2875 1123 2950 quod
1144 2876 1232 2936 etiam
1255 2877 1288 2934 iu
1311 2877 1384 2935 Har·

230 2984 349 3048 pocrate
369 2976 486 3049 signum
509 2986 552 3033 est
574 2976 694 3046 silentii;
716 2976 798 3031 tertia
818 2975 843 3032 si
864 2991 932 3031 uere
953 2972 1039 3030 huius
1060 2980 1104 3029 est
1125 2973 1214 3031 etiam
1236 2973 1384 3051 Sarapidis

231 3070 377 3128 calathum
391 3072 422 3128 in
436 3072 529 3145 capite
544 3082 647 3146 gestat,
663 3082 691 3130 et
707 3070 843 3130 Herculis
857 3071 971 3129 clauam
985 3071 1016 3128 in
1031 3069 1146 3127 sinistra
1164 3080 1253 3130 tenet.
1298 3071 1384 3131 Hauc

230 3168 315 3241 igitur
332 3167 598 3242 interpretationem
619 3168 768 3245 praefero;
791 3186 866 3244 quae
887 3169 966 3225 enim
986 3167 1056 3225 diua
1077 3167 1192 3241 praesul
1213 3177 1259 3226 est
1281 3168 1383 3227 silenffi

230 3273 259 3321 et
287 3264 404 3338 signato
429 3280 482 3320 suo
504 3282 555 3322 ore
576 3276 678 3323 monet
698 3283 736 3323 ne
757 3274 865 3324 temere
887 3265 957 3341 quid
978 3276 1089 3340 agatur,
1104 3263 1180 3322 hanc
1202 3266 1278 3322 bene
1301 3266 1382 3341 fingit

230 3360 360 3419 Catullus
374 3360 496 3419 aliorum
512 3361 618 3419 Thallo
633 3360 786 3420 ostendere
800 3363 1004 3420 oscitationem
1018 3374 1049 3421 ut
1063 3361 1163 3422 oblato
1177 3369 1257 3437 καιρῷ
1273 3372 1375 3420 utatur.

271 3459 408 3536 Superest
423 3467 454 3516 ut
477 3458 659 3517 Lachmanni
683 3459 920 3518 emendationem
942 3461 1154 3518 examinemus.
1202 3457 1264 3531 Qui
1286 3460 1317 3516 iu
1337 3459 1380 3517 ed.

233 3561 310 3630 1829
335 3558 408 3616 haec
433 3556 546 3632 scripsit
569 3555 652 3614 Cum
677 3556 755 3613 diua
779 3557 990 3615 munerarios
1015 3556 1169 3617 ostendit
1191 3557 1383 3615 oscitantes

230 3655 335 3713 additis
349 3654 393 3713 his
407 3655 502 3713 uerbis
518 3654 603 3729 ‘Ego
621 3673 658 3711 ex
680 3654 699 3711 li
721 3653 776 3712 leci
791 3672 819 3712 n.
862 3653 1046 3713 Munerarius
1060 3664 1105 3713 est
1119 3653 1170 3730 qui
1187 3670 1315 3712 munera
1335 3654 1382 3711 dat

230 3757 237 3780 ‘
253 3752 299 3809 uel
318 3751 424 3809 inuitus
438 3761 467 3810 et
483 3752 616 3810 oscitanti
636 3750 735 3827 rapta!
778 3749 866 3810 Hanc
887 3751 1154 3827 interpretationem
1175 3768 1213 3809 ex
1235 3750 1382 3826 glossariis

229 3866 297 3906 eum
312 3848 399 3905 credo
414 3848 638 3923 deprompsisse.
681 3848 749 3924 Ipse
764 3849 793 3906 in
809 3848 961 3906 Glossario
977 3847 1143 3905 Balliolensi
1163 3846 1238 3906 haec
1260 3848 1382 3925 repperi.

230 3945 444 4003 Munerarius
460 3945 517 4019 qui
536 3962 674 4002 munera
696 3946 762 4003 dat.
805 3944 903 4004 Gloss.
920 3945 1049 4003 Labbaei
1071 3943 1294 4002 Munerarius
1308 3948 1382 4016 φιλό»

227 4068 300 4115 ripae
320 4044 478 4115 ἀγωνοθέτης
498 4046 653 4112 χαριστικός.
696 4041 794 4100 Gloss.
818 4041 1012 4099 Hildebrandi
1035 4058 1064 4115 p.
1083 4041 1141 4114 366
1165 4039 1381 4098 Munerarius

227 4142 284 4219 qui
305 4156 437 4215 semper
457 4154 596 4196 munera
616 4139 765 4214 requirit.
807 4138 878 4196 Mai.
893 4139 979 4197 Auct.
1002 4137 1095 4196 Class.
1111 4135 1182 4196 VII.
1199 4140 1261 4212 569
1277 4137 1381 4195 Muni-

227 4240 281 4297 [εκ
316 4233 527 4295 munerarius
562 4236 619 4309 qui
653 4253 795 4293 munera
822 4234 895 4306 lert,
924 4235 981 4312 qui
1008 4251 1131 4293 munus
1156 4233 1253 4306 iacit,
1279 4234 1313 4292 id
1335 4242 1382 4292 est

226 4335 381 4395 officium
398 4330 544 4407 aliquod.
582 4331 636 4393 VI.
653 4349 711 4408 534
727 4332 881 4392 Muniiex
896 4331 1118 4392 munerarius.
1162 4331 1381 4392 Munerarius

454 4459 463 4488 ¹
479 4461 529 4508 iios
540 4462 602 4510 locos
613 4463 726 4527 mugetus
738 4463 900 4511 Mommseuus
911 4464 940 4512 C.
952 4463 971 4510 1.
982 4463 1010 4511 L.
1023 4474 1046 4511 ι.
1058 4475 1081 4523 p.
1092 4473 1151 4526 409.
