2872 5002
467 395 811 462 FRAGMENTA.
1150 398 1215 462 219

196 581 272 665 Qua
296 584 414 647 domus
437 593 494 648 tua
517 584 694 668 Lampsaci
718 594 768 650 est
788 606 920 668 quaque
1052 588 1171 671 Priape

196 696 285 758 Nam
308 705 342 760 te
364 697 519 778 precipue
541 699 573 760 in
597 698 663 760 suis
685 698 821 761 urbibus
843 700 923 762 colit
945 720 1003 764 ora

197 806 440 888 Hellespontia,
463 808 580 871 ceteris
601 808 771 871 ostriosior
793 809 867 872 oris.

64 1006 132 1056 esse,
146 992 275 1059 quoniam
288 992 326 1046 ita
338 991 417 1046 huius
430 1009 524 1047 uersus
536 995 620 1061 exigit
632 1001 738 1060 natura,
749 1003 779 1048 ut
793 994 930 1048 interduo
939 1001 1077 1049 commata
1086 997 1212 1063 exiguam

64 1063 272 1130 pronunciando
284 1063 442 1132 interponas
459 1080 574 1119 moram.
611 1063 682 1117 Nam
696 1065 763 1117 ‘Cui
782 1081 837 1118 non
855 1065 945 1118 dictus
965 1067 1053 1135 Hylas
1064 1067 1150 1134 puer'
1163 1083 1213 1136 par

64 1142 106 1185 est
120 1133 182 1185 huic
205 1133 308 1186 ‘Hunc
326 1134 417 1187 lucum
437 1135 486 1187 tibi
505 1135 618 1188 dedico’
637 1151 754 1204 sequens
777 1143 871 1189 autem
896 1152 1006 1189 comma
1023 1138 1068 1190 ‘et
1093 1137 1212 1191 Latonia

64 1205 71 1231 ‘
88 1204 187 1256 Delos’
200 1203 262 1255 huic
276 1207 479 1273 ‘consecroque
492 1205 608 1272 Priape!
645 1204 708 1258 Non
727 1207 824 1272 ignoro
842 1213 935 1259 autern
953 1208 1052 1260 uariari
1069 1208 1170 1275 primas
1182 1215 1212 1261 et

64 1274 197 1327 secundas
215 1275 328 1342 syllabas
346 1277 488 1344 utriusque
501 1277 526 1328 in
541 1275 659 1343 Priapeo
677 1278 829 1342 commatis,
841 1285 873 1329 ut
886 1277 969 1329 modo
985 1277 1020 1330 ab
1033 1277 1124 1330 iambo
1142 1278 1212 1331 inci·

64 1346 130 1467 ‘piat'
143 1343 278 1467 ῐῖῐιέόιέῑιίῐὶ)Ι
286 1344 432 1468 ῐτοῗξξεος
455 1353 585 1469 mntqussm.
598 1347 920 1441 ‘Hunc-consecroque
934 1347 1044 1416 Priape'
1057 1354 1086 1402 et
1095 1348 1212 1402 ‘Libens

97 1431 140 1468 roc
166 1432 202 1467 ιι
234 1431 314 1467 ereo
346 1432 528 1470 renssance
565 1433 603 1469 rra
640 1456 647 1470 .

103 1486 144 1539 ld.
163 1502 189 1554 p.
208 1503 266 1551 349.
304 1454 353 1539 list
372 1487 438 1538 alius
456 1486 587 1555 Priapeus
604 1433 652 1555 iiii
671 1492 699 1540 et
718 1485 859 1540 bucolicus
876 1494 1000 1555 uocatur,
1019 1495 1050 1542 ut
1069 1488 1212 1542 ‘Hunc-

63 1556 202 1624 ‘Priape'
240 1557 295 1608 Hic
309 1573 364 1625 quo
384 1573 419 1609 ue
431 1565 529 1611 octaua
546 1557 648 1626 syllaba
665 1563 772 1625 partem
790 1559 921 1612 orationis
939 1559 1008 1626 finit,
1021 1560 1139 1629 ideoque
1157 1559 1212 1614 hoc

64 1635 184 1680 metrum
198 1628 352 1679 bucolicum
365 1574 475 1681 iicitur.

100 1697 205 1750 Marius
218 1697 375 1749 Victorinus
388 1714 414 1764 p.
432 1701 461 1751 16
466 1716 478 1764 3
493 1698 578 1752 Gaisf.
618 1697 690 1751 Item
703 1698 711 1727 ‘
722 1698 805 1751 Hunc
818 1698 909 1752 lucum
922 1698 972 1752 tibi
985 1699 1100 1753 dedico'
1112 1700 1212 1754 dehinc

62 1769 270 1836 ‘consecroque
290 1768 416 1851 Priapes.
443 1769 527 1838 Qod
546 1776 665 1821 metrum
685 1769 831 1837 Priapeum
843 1787 860 1823 a
871 1770 1033 1838 quibusdam
1051 1771 1212 1825 aestimatur

62 1840 625 1972 prigizroiimiriiriisiciliriiiiiidiriesemcundo
642 1915 780 1963 commate
798 1908 914 1962 infracta
932 1910 1070 1978 paululum
1089 1926 1122 1965 ac
1140 1912 1212 1966 mol·

60 1980 113 2102 lici}
126 1980 283 2102 recepltjs'in
296 1997 378 2074 uersu
391 1982 479 2050 primo
492 1988 521 2035 et
533 1989 632 2050 quarto
648 1981 776 2049 spondeis
794 1980 920 2049 efficitur,
934 1988 965 2034 ut
977 1983 1050 2051 apud
1063 1983 1211 2051 Catullum,

115 2066 203 2102 unc-
229 2066 268 2103 rra
305 2089 311 2103 .

101 2139 124 2186 3,
138 2141 163 2185 4.
195 2120 236 2174 ld.
255 2067 314 2184 aiii.
352 2121 440 2187 igitur
458 2122 532 2190 quod
550 2121 603 2175 hoc
622 2137 702 2175 uersu
722 2121 812 2189 Priapi
831 2121 924 2175 laudes
943 2122 1066 2191 plerique
1084 2123 1210 2178 canendo

61 2191 200 2259 prosecuti
212 2200 276 2244 sunt
289 2192 433 2259 Priapeum
447 2203 565 2246 metrum
579 2198 779 2260 nuncuparunt,
789 2192 864 2260 quod
876 2208 961 2258 genus
974 2193 1126 2246 hexametri
1139 2194 1210 2247 adeo

61 2263 193 2315 abhorret
206 2263 240 2314 ab
253 2262 330 2315 heroi
348 2263 416 2328 lege,
430 2270 460 2315 ut
478 2269 594 2331 utraque
612 2279 674 2331 pars
692 2264 837 2315 commatis
856 2278 1053 2331 nonnunquam
1071 2264 1209 2317 trochaeis

61 2339 90 2385 et
103 2332 199 2385 iambis
216 2340 263 2385 aut
282 2348 332 2401 pro
351 2333 489 2401 spondaeo
508 2335 658 2402 anapaestis
676 2333 830 2398 inchoetur,
843 2338 891 2386 aut
909 2335 992 2386 etiam
1011 2335 1116 2387 cretico
1134 2336 1209 2401 prius

60 2419 171 2456 comma
189 2420 240 2472 pro
251 2404 361 2470 dactylo
379 2406 550 2469 terminetur,
563 2410 594 2457 ut
612 2413 654 2457 est
672 2405 745 2471 apud
764 2403 902 2455 Catullum
915 2405 923 2433 ‘
936 2403 1007 2457 Nam
1020 2411 1050 2457 te
1063 2404 1208 2473 praecipue

61 2474 110 2526 ‘in
125 2474 196 2526 suis'
209 2473 308 2526 dehinc
321 2474 530 2543 ‘Hellespontia
548 2475 668 2537 ceteris,’
688 2473 798 2542 quando
816 2472 880 2526 bina
897 2479 961 2526 sunt
974 2474 1043 2540 cola,
1056 2490 1134 2528 mora
1152 2475 1208 2528 dis·

61 2544 203 2597 tinctionis
216 2544 422 2610 intercedente;
440 2546 515 2614 quod
527 2561 612 2612 genus
625 2560 753 2597 uersuum
771 2543 843 2611 apud
861 2545 984 2598 Graecos
1002 2545 1208 2599 comoediarum

61 2622 189 2668 ueterum
207 2615 353 2683 scriptores
371 2617 516 2683 plurimum
536 2623 585 2682 est,
598 2621 627 2668 et
640 2614 725 2682 magis
742 2613 813 2682 apud
832 2629 880 2667 eos
898 2616 946 2683 qui
958 2615 1075 2684 satyrica
1092 2616 1207 2684 scripse·

62 2693 135 2751 mnt,
158 2686 231 2738 unde
253 2702 269 2738 a
287 2687 421 2739 nonnullis
439 2686 575 2754 satyricon
595 2685 668 2753 prius
686 2684 845 2750 uocabatur,
864 2701 961 2738 uerum
979 2692 1075 2754 postea
1093 2685 1160 2739 abiit
1178 2686 1207 2739 in

62 2755 290 2809 consuetudinem
303 2763 334 2809 ut
348 2756 491 2825 Priapeum
505 2757 694 2825 appellaretur.

97 2827 265 2880 Censorinus
276 2842 303 2894 p.
317 2842 349 2893 97
365 2827 441 2881 lahn.
478 2827 623 2895 Priapeum
636 2826 890 2896 ‘Hunc-Priapes

99 3003 124 3037 a.
160 2985 227 3037 silua
238 2985 413 3054 suppleverunt
425 2983 489 3036 Itali
585 2998 640 3051 qua
652 2989 801 3052 portusque
815 2985 949 3037 Santenr'us
1035 2981 1088 3036 erit
1100 2997 1210 3053 quaque

63 3058 245 3109 Lachmannus
258 3057 296 3108 ad
304 3057 480 3108 Terentianum
494 3055 620 3107 Maurum
630 3067 659 3123 p.
673 3071 705 3120 9²
781 3054 856 3122 Qroi
874 3054 972 3107 domus
984 3091 1075 3107 .....
1089 3054 1210 3123 quoique

60 3127 129 3179 silua
140 3128 294 3194 Dserings'us
366 3126 482 3178 Fortasse
494 3124 570 3177 cella.

600 3283 666 3349 111.

352 3414 394 3476 de
416 3433 492 3476 meo
515 3410 662 3494 ligurrire
685 3411 788 3475 libido
811 3419 862 3476 est

95 3542 203 3595 Nonius
218 3557 276 3606 134.
313 3539 453 3605 Ligurrire
466 3539 621 3606 degustare,
635 3538 708 3591 unde
725 3539 885 3604 adligurrire
904 3538 989 3591 multa
1007 3536 1086 3590 auide
1105 3552 1207 3588 consu·

59 3631 146 3668 mere.
192 3611 325 3663 Horatius
346 3613 486 3663 ‘Semesos
507 3611 593 3678 pisces
615 3609 794 3677 tepidumque
814 3609 962 3676 ligurrierit
982 3608 1040 3660 ius!
1086 3607 1208 3659 Catullus

59 3686 161 3751 Priapo
182 3682 308 3750 (Catulus
333 3680 434 3750 Priopo
459 3682 550 3734 codices
574 3681 652 3746 Noni,
677 3681 795 3748 Priapeo
815 3679 1009 3748 lachmannns)
1032 3677 1084 3731 ‘de
1108 3693 1208 3730 meo-

59 3760 65 3784 ·
79 3755 165 3809 libido
177 3753 236 3806 est:

608 3855 666 3920 IV.

320 3984 480 4049 Animula
504 3984 656 4048 miserula
679 3982 862 4067 properiter
883 3981 976 4046 abiit.

94 4122 201 4176 Nonius
214 4136 275 4187 517.
311 4122 479 4190 Properiter.
517 4122 639 4175 Catullus
658 4119 902 4174 ‘animula-abit!
922 4118 956 4185 cf.
975 4118 1091 4170 Diomed.
1106 4119 1156 4182 49⁶
1172 4118 1205 4170 G.

57 4193 338 4249 Proceleusmaticum
351 4198 470 4245 metrum
482 4199 524 4245 est
537 4193 616 4261 quale
628 4191 695 4245 tecit
710 4194 835 4244 Serenus.
869 4187 1135 4242 ‘Animula-obiit:

93 4352 150 4405 abit
165 4352 255 4404 codices
266 4353 344 4405 Nonii
391 4352 459 4404 obiit
472 4352 562 4404 codices
573 4350 712 4403 Diomedis.
747 4347 807 4400 Vnde
823 4365 886 4414 qrsae
897 4347 927 4399 de
938 4355 1019 4398 metro
1030 4345 1086 4397 dixi
1101 4345 1127 4398 in
1140 4362 1208 4397 cona·

56 4426 184 4477 mensurio
199 4432 224 4477 et
242 4423 359 4477 Ottunem
371 4423 452 4476 Hense
463 4423 500 4476 ad
510 4422 705 4475 Dissertatiunr's
718 4420 748 4472 de
760 4419 824 4471 Iuba
837 4417 999 4486 Artigrapho
1006 4428 1035 4484 p.
1051 4431 1094 4469 ιο.
