2872 5002
222 336 299 395 lxxvi
615 337 982 401 PROLEGOMENA.

263 554 384 612 Ceterae
405 553 557 613 Editiones
574 572 697 631 quarum
711 566 878 615 constanter
898 558 928 615 in
949 557 1026 616 notis
1045 557 1228 616 mentionem
1243 556 1297 617 feci
1318 559 1373 617 hae

223 646 281 706 fere
293 657 369 705 sunt.

186 857 189 862 ·
222 825 321 878 Aldina
340 825 362 879 l.
375 825 498 879 Venetiis
520 843 596 891 1501.
632 825 695 881 Ald.
709 827 747 881 ll.
761 827 885 881 Venetiis
906 845 982 894 1515.

225 907 334 961 Iuntina
354 908 509 962 Florentiae
530 925 606 974 1503.

223 995 344 1048 Colinaei
365 995 474 1049 Parisiis
495 1011 562 1060 1519
574 1001 604 1048 et
620 1011 697 1062 ¹⁵43·

198 1116 203 1120 a
224 1077 328 1131 Mureti
341 1078 463 1132 Venetiis
483 1095 560 1144 1554,
578 1085 674 1146 postea
686 1081 791 1149 saepius
803 1081 929 1150 repetita

180 1195 201 1210 .-
223 1161 301 1213 Statii
320 1160 443 1214 Venetiis
463 1163 539 1226 1566.

223 1248 350 1314 scaligeri
370 1249 477 1302 Parisiis
491 1264 567 1315 1577,
586 1249 753 1318 Antuerpiae
769 1255 844 1318 1582,
863 1251 1064 1321 Heidelbergae
1080 1255 1157 1307 1600.

223 1335 367 1389 Passeratii
386 1336 470 1389 Paris.
487 1339 563 1390 1608.

187 1437 208 1448 ⁴
224 1423 309 1476 lsaaci
328 1422 415 1476 Vossii
434 1422 645 1487 Londini1684.

177 1535 191 1542 -
222 1505 451 1571 cantabrigiensis
466 1520 542 1567 1702.

188 1643 199 1649 ,,
222 1592 314 1660 Vulpii
332 1592 437 1645 Patauii
453 1608 529 1659 1710,
545 1607 621 1658 1737·

193 1741 198 1746 ¹
223 1678 373 1732 Conradini
385 1678 420 1731 de
434 1679 503 1732 Allio
519 1679 587 1732 Ven.
604 1685 680 1746 1738.

223 1767 366 1834 Doeringii
384 1767 456 1835 Lips
473 1772 548 1833 1788,
567 1773 662 1836 postea
672 1769 778 1837 saepius
791 1769 928 1838 impressa.

204 1840 313 1920 'singu
333 1855 481 1920 Gottingae
497 1859 572 1920 1123.

221 1941 391 1995 Lachmanni
409 1941 528 1994 Berolini
544 1947 620 2008 1819,
638 1943 682 1995 ed.
698 1942 735 1995 ll.
751 1945 827 2006 1861,
839 1943 882 1997 ed.
897 1944 951 1997 lll.
967 1947 1043 2008 1874.

223 2027 338 2094 Hauptii
356 2026 568 2092 Berolini1853.
852 2031 857 2042 “

223 2112 382 2166 Rossbachii
401 2112 509 2181 Lipsiae
524 2118 599 2179 1854,
618 2113 662 2167 ed.
677 2113 715 2168 ΙΙ.
731 2117 808 2168 1860.

222 2199 319 2268 Heysil
337 2199 458 2253 Berolini
474 2205 550 2266 1⁸55·
586 2201 679 2255 Editio
691 2217 755 2255 cum
767 2203 995 2272 interpretatione
1007 2203 1180 2258 Germanica.

186 2314 208 2321 -
222 2287 355 2340 Schwabii
374 2288 468 2341 Gissae
483 2290 559 2340 1866.
597 2287 726 2341 Eiusdem
739 2290 853 2358 Quaest.
867 2291 1035 2344 Catullianae
1048 2290 1143 2344 Gime
1158 2293 1236 2346 1861.

163 2395 193 2427 s
221 2375 384 2444 Westphalii
393 2375 492 2429 Catulli
499 2376 1280 2445 carminacuminterpretationeGermanicaVratislauiae
1291 2384 1369 2446 1865.

173 2505 186 2516 ,
220 2464 254 2517 L.
267 2463 395 2517 Muelleri
408 2462 508 2516 Catulli
521 2463 649 2516 Carmina
668 2462 775 2531 Lipsiae
791 2468 867 2528 1870.

258 2560 406 2613 Praeterea
419 2560 446 2612 in
459 2575 509 2612 usu
521 2558 587 2611 mihi
599 2557 718 2612 fuerunt

180 2713 196 2723 ,
221 2655 331 2709 Auantii
352 2654 557 2709 emendationes
581 2655 609 2707 in
633 2654 770 2708 Catullum
794 2671 866 2708 anno
893 2674 960 2721 1494
984 2656 1103 2725 primum
1127 2655 1227 2724 editae,
1246 2672 1312 2711 mox
1339 2659 1365 2712 in

256 2741 300 2796 ed.
313 2742 424 2795 Palladii
438 2758 514 2808 ¹500·

223 2828 364 2883 Behrensii
376 2829 508 2881 Analecta
520 2827 671 2881 Catulliana
684 2829 767 2881 lenae
782 2833 858 2894 1874.

223 2917 341 2970 Bentleii
359 2916 531 2969 coniecturae
549 2914 584 2967 ad
601 2913 754 2982 fragmenta
771 2914 873 2983 elegiae
890 2915 1081 2970 Callimachiae
1098 2917 1127 2969 in
1145 2915 1189 2970 ed
1205 2917 1366 2971 Callimachi

257 3004 410 3056 Graeuiana
426 3005 490 3069 1⁶97
505 3003 623 3071 primum
640 3002 746 3069 editae3
764 3004 885 3058 eiusdem
897 3009 994 3057 extent
1006 3011 1088 3058 notae
1100 2991 1236 3074 quaedam
1249 3005 1277 3058 in
1290 3022 1366 3059 mar·

254 3090 316 3156 gine
330 3088 455 3142 editionis
467 3089 614 3142 Vossianae
626 3089 654 3141 in
667 3088 767 3142 Museo
780 3089 938 3145 Britannico
949 3097 1084 3145 seruatae.

217 3174 328 3241 Bergkii
340 3175 513 3229 coniecturae
525 3176 553 3228 in
565 3175 687 3229 editione
701 3175 867 3231 Rossbachii.

217 3262 349 3315 Bernardi
367 3262 456 3315 Pisani
473 3268 556 3315 notae
574 3261 690 3330 scriptae
703 3264 731 3315 iu
743 3263 865 3330 margine
877 3263 945 3318 edit.
958 3263 1120 3318 Vicentinae
1136 3266 1244 3328 1481in
1262 3265 1365 3320 biblio·

250 3348 331 3402 theca
345 3347 593 3416 Magliabecchiana
608 3349 766 3403 Florentino
777 3357 910 3404 seruatae.

214 3437 338 3490 Boehmii
352 3439 534 3504 Quaestiones
546 3437 714 3490 Catullianae
732 3437 845 3491 Bonnae
861 3441 936 3492 1862.

214 3523 354 3576 Brunerus
363 3523 521 3593 (Eduardus
534 3521 565 3592 t)
575 3523 620 3576 De
632 3524 728 3577 ordine
741 3529 770 3576 et
782 3525 951 3593 temporibus
963 3524 1115 3578 carminum
1129 3523 1228 3577 Catulli
1241 3525 1269 3578 in
1283 3527 1362 3580 Actis

250 3612 392 3665 Societatis
407 3611 542 3664 Fennicae
557 3613 605 3664 186
610 3627 634 3676 3.

213 3700 327 3752 Canteri
339 3698 514 3752 coniecturae
527 3698 554 3751 in
567 3696 655 3750 Nouis
667 3697 845 3751 Lectionibus
856 3699 1024 3767 Antuerpiae
1039 3714 1116 3764 1571.

214 3789 322 3842 Couatii
335 3776 425 3841 Etude
437 3803 483 3840 sur
495 3786 602 3839 Catulle
616 3786 691 3838 Paris
707 3790 754 3847 187
758 3803 783 3850 5·

214 3876 324 3929 Dousae
337 3873 424 3927 Patris
437 3873 620 3927 Praecidauea
631 3888 682 3940 pro
694 3871 803 3926 Catullo
820 3872 985 3942 Antuerpiae
1007 3879 1082 3938 1582.

214 3962 325 4015 Dousae
340 3960 400 4012 Filii
412 3961 591 4013 coniectanea
602 3966 631 4014 et
644 3966 726 4013 notae
739 3960 767 4012 in
781 3960 918 4013 Catullum
931 3960 1057 4028 Lugduni
1073 3979 1150 4029 1592.

214 4047 347 4100 Frankius
360 4047 395 4102 de
407 4047 562 4101 Artificiosa
574 4047 665 4101 Carm.
678 4047 776 4102 Catull
792 4047 999 4116 Compositione
1013 4047 1134 4102 Berolini
1149 4052 1225 4115 1865.

213 4132 307 4186 Fritzii
321 4134 444 4187 recensio
453 4151 477 4189 c.
491 4133 587 4187 LXIV
624 4134 765 4201 Program.
778 4135 879 4203 Gymn.
893 4132 1140 4188 Halberstadiensis
1154 4139 1231 4203 1863.
1286 4182 1290 4195 ,

212 4219 235 4272 F
237 4218 377 4272 roehlichii
396 4219 560 4288 Vorschliige
578 4236 629 4274 aur
646 4220 835 4287 bericbtigung
846 4220 895 4274 des
906 4226 998 4274 textes
1010 4222 1038 4273 in
1051 4221 1258 4276 Commentario
1271 4223 1356 4277 Clam.

245 4305 407 4374 philologico
426 4306 589 4362 Academiae
609 4306 784 4361 Monacensis
796 4306 829 4362 V.
841 4313 904 4378 part
920 4307 973 4362 lll.
986 4323 1030 4376 pp.
1046 4325 1176 4376 233-275.
1214 4309 1356 4365 Monacbii

248 4398 323 4460 1849.
