2872 5002
138 309 197 371 xxii
534 302 901 366 PROLEGOMENA.

215 468 324 530 LXIV.
344 484 398 545 137
422 468 552 530 crudeles
575 480 689 528 mentes
708 479 755 545 pr.
783 468 821 540 G,
846 466 874 527 0
896 487 957 527 cm
983 468 1013 540 h,
1038 468 1206 533 crudetis·

469 565 529 626 Ga
543 586 579 627 m.
593 586 643 625 sec.
657 572 753 625 eiecit.

342 676 398 736 145
419 663 540 740 adipisci
548 675 599 741 pr.
616 664 653 736 G,
671 662 705 736 0,
719 663 812 740 apisci
829 660 859 723 G
871 682 890 722 a
904 680 941 723 m.
954 681 1005 722 sec.
1019 669 1048 721 e!
1057 669 1118 722 cett.

340 779 398 836 249
419 771 518 820 tanmn
537 772 728 839 prospectans
748 759 782 832 0,
800 770 900 819 tamen
917 771 1121 839 pcaspectans
1140 756 1206 835 G.i

466 868 620 934 aspectans
633 866 692 918 ceti.
701 860 836 935 plerique.

143 957 228 1016 Haec
242 954 343 1015 omnia
360 954 557 1031 incorruptam
578 957 779 1034 antiquitatem
799 973 871 1033 prae
891 973 924 1015 se
945 953 1050 1029 ierunt,
1066 957 1092 1016 si
1106 974 1179 1019 cum
1194 974 1206 1019 t

143 1055 293 1114 indicibus
313 1061 535 1130 comparentur3
564 1054 669 1130 partim
690 1054 769 1113 enim
790 1061 859 1114 sunt
879 1054 1025 1115 eiusmodi
1046 1065 1079 1114 ut
1099 1073 1156 1134 per
1169 1070 1206 1121 ι

141 1152 272 1212 indicent
281 1150 351 1227 quid
362 1151 392 1209 in
406 1150 508 1211 codice
523 1151 573 1210 iilo
586 1153 726 1229 scriptum
739 1151 824 1211 fuerit
837 1170 927 1228 quem
940 1152 1093 1213 inuenerat
1106 1152 1206 1217 Vetu

142 1251 231 1310 ueluti
252 1259 318 1310 sunt
334 1250 427 1325 gaude
440 1249 494 1307 hae
506 1249 561 1308 tibi
570 1261 637 1326 opus
650 1252 730 1308 noui!
740 1250 777 1308 ab
789 1252 904 1326 annino
919 1251 1040 1310 crudeles
1060 1258 1163 1313 menies
1178 1270 1206 1317 a

143 1367 218 1426 quae
242 1347 344 1408 omnia
366 1357 433 1424 post
457 1358 589 1406 exaratos
613 1345 671 1407 GO
695 1357 826 1407 correcta
847 1347 1039 1421 crediderim
1068 1349 1206 1426 partimi

142 1447 297 1506 lectionem
316 1445 372 1504 soli
393 1445 538 1517 exhibent,
559 1447 639 1506 uelut
659 1452 693 1504 u!
711 1444 763 1503 XL
788 1463 815 1520 3,
836 1443 960 1522 offirrms
979 1445 1119 1506 LXXVI.
1146 1464 1195 1513 rt.

142 1544 213 1604 iilud
225 1545 350 1619 adipisci
359 1542 468 1603 LXIV.
487 1558 543 1618 145
558 1545 711 1604 considera
725 1543 828 1621 quanti
842 1543 899 1616 sit3
920 1561 991 1603 nam
1011 1543 1070 1605 hoc
1084 1546 1117 1604 in
1130 1544 1206 1623 prin

142 1643 245 1702 codice
259 1643 400 1719 scriptum
413 1661 475 1702 non
488 1644 580 1718 apisci
590 1643 688 1715 fuisse,
702 1651 853 1714 testantur,
862 1652 894 1701 ut
906 1641 973 1715 dixi,
985 1643 1104 1704 codices
1119 1643 1206 1725 ch

143 1740 310 1799 Hieremiae
324 1739 434 1799 Iudicis
448 1757 517 1798 cum
530 1740 657 1800 editione
672 1739 805 1800 Veneta:
829 1757 885 1799 nec
899 1738 1002 1799 dubito
1017 1742 1089 1818 quin
1111 1741 1137 1802 si
1156 1740 1206 1820 ph

144 1837 258 1896 Catullo
273 1837 442 1912 sumpsisset
456 1835 621 1897 Hieremias
634 1837 717 1914 plura
735 1838 822 1896 etiam
845 1838 877 1896 in
898 1836 1088 1915 Compendio
1109 1856 1206 1917 supa

143 1954 219 2013 quae
233 1951 301 1994 cum
319 1933 377 1994 GO
389 1933 495 1994 collata
508 1953 545 1994 ex
559 1936 710 2014 principali
724 1935 773 1996 illo
788 1935 871 1995 ionte
885 1936 974 1996 ducta
987 1936 1167 1999 uiderentur.

184 2033 282 2093 Venio
304 2033 342 2092 ad
362 2033 444 2093 locos
465 2051 540 2111 quos
561 2035 701 2095 sincerius
725 2034 751 2093 0
771 2052 861 2112 quam
886 2033 915 2094 G
934 2034 1071 2096 tradidit:
1097 2035 1136 2096 ci
1158 2032 1206 2099 Bt

143 2152 174 2210 p.
191 2152 238 2209 a9.

259 2406 316 2466 111.
385 2427 403 2483 9
424 2407 534 2467 circum
547 2406 635 2467 silens
649 2407 685 2467 al.
699 2408 797 2468 siliens
815 2406 850 2480 0,
864 2408 975 2467 circum
989 2406 1089 2467 siliens
1105 2407 1137 2468 G

273 2503 313 2562 V
383 2503 653 2579 8mfflQmG

216 2601 315 2662 XVII.
367 2616 404 2678 25
426 2602 625 2679 derelinquere
642 2602 676 2673 O,
690 2602 860 2678 delinquere
876 2601 905 2662 G

199 2699 312 2759 XXiV.
383 2718 401 2772 4
422 2700 463 2758 mi
478 2699 646 2759 dededisses
663 2697 696 2771 0,
710 2700 751 2758 mi
766 2699 898 2760 dedisses
915 2696 944 2760 G

170 2796 315 2856 XXVIII.
368 2816 402 2855 12
425 2815 500 2874 urpa
516 2797 549 2868 0,
564 2798 654 2858 uerba
671 2797 699 2858 G

184 2894 296 2953 XXIX.
371 2914 407 2970 19
429 2896 484 2954 scit
501 2894 534 2966 0,
550 2894 632 2955 sit·G

157 2991 300 3051 XXXIV.
373 3011 407 3050 12
430 2991 630 3070 Omniumque
647 2990 681 3063 0,
696 2992 828 3050 omnium
846 2991 874 3052 G

158 3088 300 3148 XXXIX.
391 3107 407 3145 a
430 3090 471 3147 sei
486 3088 524 3146 ad
536 3089 577 3147 rei
595 3086 629 3160 0,
644 3106 695 3148 seu
709 3088 748 3147 ad
762 3092 802 3148 rei
819 3089 848 3150 G

194 3186 304 3247 XLIV.
376 3206 409 3246 11
434 3185 575 3246 Oratione
589 3185 763 3245 minantium
783 3188 936 3262 petitorem
953 3186 987 3258 0,
1002 3187 1170 3247 orationem
1183 3206 1206 3249 n

469 3286 542 3344 tium
555 3287 711 3362 petitorum
729 3281 757 3341 G

209 3383 301 3442 XLV.
396 3402 408 3441 r
433 3382 590 3462 Septimius
606 3383 640 3455 0,
657 3383 803 3461 Septimus
820 3383 848 3444 G

235 3481 299 3541 LV.
374 3500 406 3539 11
431 3481 567 3554 Quedam
584 3481 619 3553 0,
634 3482 792 3554 Quendam
810 3481 838 3542 G

185 3581 297 3641 LVIII.
389 3599 406 3656 5
428 3599 537 3658 magna
551 3581 712 3640 amiremini
729 3580 763 3654 0,
777 3599 887 3658 magna
900 3579 1083 3640 admiremini
1099 3580 1129 3640 G

220 3680 300 3740 LIX.
395 3697 407 3736 r
431 3679 510 3739 fellat
526 3678 560 3749 0,
575 3678 654 3738 sallat
671 3678 699 3739 G

221 3779 301 3838 LXI.
320 3776 407 3858 (187)
427 3779 506 3838 uelut
523 3778 557 3850 0,
572 3778 654 3837 uultu
672 3777 700 3838 G

205 3878 301 3938 LXII.
392 3896 409 3953 3
432 3877 548 3955 pinguis
564 3876 663 3936 Oeam
682 3876 841 3950 Thuanaeo,
855 3876 981 3953 pingues
999 3874 1028 3934 G

396 3979 413 4033 8
436 3977 477 4035 sic
492 3986 584 4035 certes
600 4021 605 4033 .
621 3976 638 4032 i.
658 3973 834 4045 iuuenem,
850 3973 891 4032 sic
906 3982 982 4030 certe
998 3973 1022 4031 si
1039 3970 1074 4042 0,
1088 3971 1130 4030 sic
1145 3981 1206 4031 cert

346 4071 411 4153 (63)
432 4072 533 4132 Tertia
554 4072 643 4150 patris
664 4090 731 4148 pars
752 4080 796 4130 est
817 4070 885 4129 data
905 4070 988 4129 tertia
1008 4070 1094 4128 matri
1117 4067 1206 4128 Virum

468 4169 575 4230 Tereia
592 4189 661 4248 pars
682 4170 756 4249 patri
779 4178 823 4228 est
844 4167 912 4228 data
933 4167 1022 4227 tercia
1042 4166 1127 4226 matri
1147 4166 1206 4239 0,'.

468 4287 535 4345 pars
549 4269 623 4346 patri
637 4268 706 4329 data
719 4285 787 4344 pars
801 4267 869 4326 data
882 4267 965 4326 tertia
979 4265 1062 4325 matri
1080 4264 1109 4324 G
