2872 5002
252 401 311 457 ³08
720 392 934 455 ExcvRsvs

162 573 167 583 ’
251 563 356 638 ‘Pray‚
372 578 422 638 my
436 557 506 620 dear
525 558 665 632 Catullus,
686 557 725 619 let
745 578 793 619 me
811 562 872 638 just
892 560 958 636 give
978 557 1063 620 those
1084 559 1205 619 hearers
1227 559 1263 618 oi
1280 575 1404 636 yoursa

249 657 410 730 reminder,’
425 657 478 716 viz.
493 656 555 716 that
569 657 636 733 they
650 655 723 717 have
738 676 755 716 a
769 657 839 734 duty
854 667 885 716 to
905 656 944 716 do
967 656 1027 717 and
1047 675 1097 718 are
1117 657 1281 735 requested
1303 666 1357 717 not
1375 665 1403 717 to

248 757 286 816 be
299 756 364 816 idle.
407 754 478 816 Non
492 753 615 814 absimili
629 753 720 813 modo
735 753 806 814 dixit
819 754 947 826 Plautus,
962 752 1010 814 Ps.
1025 752 1048 813 I.
1066 773 1092 814 a.
1111 768 1210 830 15-17

308 862 400 938 Atque
418 861 485 920 heri
500 863 558 920 tiam
577 861 721 921 edalcnam
741 863 866 921 onrm'bus
885 862 1061 939 dederam
1081 881 1148 921 suas
1163 863 1358 939 prousna'as:

316 959 415 1020 Verum
436 959 478 1018 ita
499 976 548 1017 uos
562 959 670 1034 perdat·
686 960 757 1030 eslii,
779 961 951 1037 neglegendas,
972 960 1082 1036 ingenio
1102 960 1228 1037 inprobo,

311 1056 438 1136 Officium
459 1061 580 1116 uestrum
601 1063 634 1117 ut
652 1076 701 1116 uos
720 1045 918 1135 nalo'cogan‘s
937 1060 1139 1118 comnwnerier.

246 1164 305 1224 Vix
318 1165 398 1224 enim
408 1162 580 1223 crediderim
591 1162 738 1224 Catullum
748 1165 899 1242 scripsisse
911 1163 941 1223 id
951 1164 1032 1241 quod
1046 1165 1174 1225 coniecit
1187 1165 1304 1225 Munro
1314 1163 1401 1225 Istos

245 1262 287 1321 da
307 1263 415 1321 modo.-
439 1280 513 1320 nam
533 1260 670 1339 idemque
692 1270 803 1322 mutata
824 1262 1011 1322 distinctione
1031 1263 1090 1321 iam
1112 1273 1200 1323 antea
1222 1263 1401 1340 Doeringius

245 1359 318 1419 Istos
332 1361 389 1419 da:
411 1361 487 1418 nodo
507 1378 581 1418 nam.
624 1358 683 1418 Sed
697 1359 728 1418 in
743 1378 770 1418 u.
790 1374 824 1434 27
840 1377 944 1418 uerum
958 1370 1134 1436 potestesse
1148 1362 1234 1439 quod
1249 1373 1280 1422 et
1294 1361 1401 1421 Munro

245 1469 275 1519 et
296 1460 419 1518 Arturus
443 1457 558 1517 Palmer
580 1458 769 1517 coniecerunt
793 1457 936 1517 Memini
961 1458 1008 1517 uei
1029 1458 1196 1519 Meminei
1223 1478 1282 1538 pro
1303 1478 1400 1519 mane

244 1576 312 1616 me:
335 1561 419 1616 ‘now
433 1555 447 1614 1
461 1554 582 1615 bethinlr
595 1555 715 1634 myseli:
737 1556 822 1615 when
836 1555 851 1614 Ι
866 1556 928 1617 said
940 1558 1000 1634 just
1013 1574 1081 1618 now
1096 1557 1159 1618 that
1173 1558 1188 1617 Ι
1203 1557 1267 1618 had
1281 1556 1398 1631 thermi
1418 1630 1422 1639 Ι

244 1654 343 1731 forgot
355 1654 462 1731 myseli
472 1654 518 1715 for
530 1652 578 1714 the
593 1664 741 1714 moment:
763 1673 812 1732 my
826 1654 895 1716 dear
909 1654 1002 1715 friend
1017 1654 1110 1716 Gaius
1129 1654 1240 1732 Cinna,
1256 1657 1295 1718 he
1309 1658 1331 1717 it
1344 1674 1399 1717 was

244 1752 310 1812 who
324 1752 437 1829 bought
451 1749 549 1824 them,'
564 1770 639 1828 quae
653 1753 743 1812 uerba
757 1751 912 1813 Munronis
927 1764 994 1813 sunt
1008 1772 1036 1832 p.
1053 1769 1101 1830 35.

597 1935 813 1999 EXCVRSVS
835 1934 872 1997 ad
893 1935 976 1997 XXI.
995 1955 1039 1996 rr.

284 2050 341 2110 Pro
355 2069 392 2112 eo
406 2051 486 2129 quod
501 2051 610 2111 habent
624 2051 741 2112 codices

529 2149 585 2209 Me
604 2168 657 2210 rue
678 2168 763 2229 puer
783 2161 817 2209 et
837 2150 936 2210 sitire
957 2149 1069 2211 discet

243 2246 353 2307 Munro
366 2248 491 2308 coniecit
505 2247 533 2306 A
548 2255 581 2307 te
595 2248 662 2307 mei
676 2265 762 2324 puer
775 2265 800 2306 e.
817 2265 840 2306 s.
855 2248 883 2306 d.

570 2430 810 2493 ADDENDVM
831 2431 869 2491 ad
890 2430 988 2491 XVII.
1015 2446 1060 2506 25.

321 2564 364 2625 Et
384 2566 544 2643 supinum
565 2564 713 2623 animum
734 2565 769 2623 in
789 2565 885 2641 graui
906 2557 1148 2642 derelinquere
1168 2582 1285 2625 coeno

321 2662 346 2721 F
349 2680 479 2724 erream
499 2671 536 2722 ut
556 2662 685 2721 soleam
706 2663 818 2722 tenaci
838 2663 873 2721 in
894 2664 1060 2740 uoragine
1080 2664 1178 2723 mula.

280 2785 372 2846 Hunc
385 2786 483 2846 locum
498 2786 625 2862 respexit
639 2784 787 2861 Gargilius
807 2784 946 2844 Martialis
968 2786 1004 2844 de
1026 2786 1149 2846 Persicis
1163 2786 1193 2844 X
1209 2786 1296 2866 (Mai.
1311 2787 1392 2846 Auct

240 2882 332 2943 Class.
354 2881 378 2940 Ι.
401 2881 474 2960 401)
491 2884 595 2958 Sparte
616 2884 706 2959 ligata
727 2885 875 2942 aduersum
889 2883 1019 2959 plurima
1038 2885 1208 2942 incommoda
1231 2892 1265 2944 ut
1283 2887 1393 2965 anfora

238 2983 401 3040 extimant:
436 2989 462 3039 ct
493 2982 600 3056 odr'eque
634 2982 762 3039 nonnulli
794 2983 1024 3040 iumentorum
1059 2981 1165 3041 solias
1201 2983 1237 3041 in
1272 2984 1392 3044 itinere

240 3077 421 3137 derelictas
430 3088 502 3154 prae
515 3079 598 3138 medio
611 3080 720 3138 truncis
741 3080 864 3137 ramriue
876 3078 1050 3153 impendunt.

574 3259 790 3320 EXCVRSVS
812 3259 850 3319 ad
871 3258 969 3318 XXII.
987 3272 1013 3334 7,
1029 3262 1056 3317 8.

279 3375 347 3435 Hos
361 3392 463 3435 uersus
478 3373 588 3434 Munro
599 3377 640 3436 sic
652 3376 821 3436 scribendos
831 3384 931 3436 censet
941 3372 1114 3454 (Craticisms
1127 3376 1188 3433 and
1198 3373 1390 3437 Elua'dalr'ons

261 3518 267 3533 .
307 3493 343 3532 1.

237 3492 258 3550 p
283 3487 300 3546 5
322 3471 334 3552 )
360 3570 452 3632 Noui
472 3572 635 3643 umbilici,
656 3573 729 3633 lora
749 3574 859 3644 rubra,
880 3574 1105 3632 membranae.

357 3670 504 3731 Derecta
525 3672 667 3748 plumbo
689 3681 721 3731 et
742 3672 878 3749 pumice
899 3673 1014 3732 omnia
1033 3681 1179 3748 aequata

360 3767 456 3829 Haec
477 3787 553 3828 cum
573 3769 669 3845 legas
690 3779 734 3840 tu,
756 3770 869 3830 bellus
889 3770 947 3830 iile
967 3779 1001 3829 et
1020 3771 1172 3829 urbanus
1186 3776 1264 3831 κπλ.

279 3873 469 3934 Membranas
490 3891 545 3952 pro
566 3874 723 3934 inuolucris
748 3875 835 3934 habet
859 3895 897 3935 ex
922 3876 1093 3935 membrana
1112 3877 1220 3953 quibus
1243 3876 1390 3938 uolumina

237 3973 459 4033 includerentur.
501 3971 629 4031 Versum
648 3976 665 4031 8
684 3974 726 4034 sic
745 3974 948 4052 interpretatur
966 3974 1054 4034 ‘haec
1075 3975 1207 4035 carmina
1227 3995 1297 4035 cum
1312 3976 1389 4053 legas

236 4080 268 4130 tu
283 4071 384 4148 aequis
398 4070 481 4129 lineis
495 4088 547 4147 per
561 4070 713 4147 plumbum
732 4073 873 4145 ordinata,
889 4074 989 4133 omnia
1009 4082 1106 4132 autem
1127 4075 1247 4150 pumice
1268 4077 1309 4134 ita
1330 4093 1388 4135 oor·

236 4179 316 4230 recta
326 4179 357 4228 ut
372 4169 397 4228 si
409 4169 480 4246 quid
491 4169 680 4245 inaequaliter
691 4171 831 4248 scriptum
842 4172 890 4231 uel
900 4173 991 4231 lituris
1002 4171 1196 4231 deformatum
1207 4173 1245 4232 sit
1260 4172 1387 4246 tollatur:

237 4268 330 4327 allatis
352 4268 424 4327 locis
446 4267 545 4345 quales
567 4277 634 4327 sunt
655 4268 741 4330 Lucr.
763 4270 816 4330 IV.
839 4290 908 4346 430,
937 4290 962 4330 1.
994 4269 1076 4329 Tecta
1094 4272 1152 4329 solo
1173 4272 1294 4348 tiengem
1312 4281 1388 4349 atque

236 4367 330 4424 omneis
351 4367 471 4426 dextera
491 4367 579 4426 laeuis
598 4366 694 4429 Donec
715 4371 745 4428 in
766 4369 911 4430 obscurum
932 4372 997 4429 coni
1020 4370 1160 4430 condunt
1181 4390 1303 4446 acumen,
1326 4370 1385 4432 Cat

236 4460 346 4522 LXVI.
361 4463 410 4539 65,
424 4473 457 4523 ut
469 4465 625 4526 uerborum
639 4467 863 4529 collocationem
877 4466 1023 4529 duriorem
1038 4485 1109 4528 saue
1124 4467 1272 4530 defendat
