2872 5002
601 361 659 420 AD
686 363 782 423 xxv.
805 379 831 437 5.
1236 364 1294 418 ³13

139 524 236 584 liano
251 525 411 586 Gabbian
431 525 634 588 Gabbilnna
652 529 819 589 Gabbiott
837 526 1004 586 Merlotto
1026 525 1141 584 Badie.
1185 524 1294 584 Pariter

142 623 233 697 Angli
259 625 411 682 stultorum
440 629 560 685 nomina
587 645 623 685 ex
652 628 755 686 auibus
783 627 901 684 marinis
929 624 1037 683 habent
1065 625 1194 683 deriuata
1221 625 1294 682 haec

144 718 259 789 ‘Gull,
288 721 396 791 Loon,
422 721 566 798 Noddy’
592 742 646 782 nec
671 743 689 782 a
712 742 783 782 uero
811 723 946 781 abhorret
969 720 1049 797 quod
1074 723 1103 779 in
1128 722 1294 780 hominibus

144 817 262 892 signum
278 828 320 876 est
335 819 468 877 stultitiae
483 819 512 878 id
526 821 550 879 si
565 821 595 877 in
610 839 663 879 aue
685 821 781 896 aliqua
802 839 871 896 prae
893 820 995 878 ceteris
1017 820 1295 878 inueniatur-osci-

144 921 207 972 tant
222 927 318 974 autem
333 918 362 974 in
377 919 478 992 primis
491 917 550 988 lari,
566 928 638 976 teste
654 918 730 977 Raio
745 919 775 976 in
790 917 958 993 Willughbii
973 917 1176 992 Ornithologia
1191 935 1219 992 p.
1236 931 1291 990 351

143 1011 272 1070 -huius
291 1031 401 1071 nomen
419 1022 557 1090 tanquam
577 1015 763 1073 stultissimae
783 1015 820 1073 ad
840 1014 975 1072 homines
995 1013 1165 1071 transferri¹.
1207 1012 1245 1069 Et
1264 1013 1294 1069 iu

145 1108 252 1166 Catulli
267 1109 333 1167 loco
347 1127 407 1166 non
423 1119 481 1167 tarn
496 1111 663 1169 transfertur
677 1111 851 1186 significatio
863 1128 951 1186 quam
963 1128 1030 1168 cum
1045 1110 1133 1167 altera
1144 1109 1296 1183 coniungi-

145 1215 207 1276 tur;
227 1208 314 1282 gauia
328 1208 406 1264 enirn
421 1209 549 1266 oscitans
564 1217 592 1266 et
606 1208 698 1266 homo
714 1209 837 1283 simplex
853 1218 896 1266 est
911 1217 939 1265 et
953 1208 1015 1265 auis
1030 1225 1121 1282 augur
1136 1206 1287 1282 procellae.

188 1302 278 1374 Quod
293 1305 415 1378 gauias
430 1306 535 1375 scribo,
550 1305 580 1363 id
595 1324 630 1364 ex
645 1305 822 1380 etymologia
836 1304 1039 1362 confirmatum
1056 1322 1129 1362 reor.
1152 1302 1204 1361 Est
1218 1303 1297 1361 enim

146 1402 208 1458 auis
223 1402 325 1458 eadem
341 1420 416 1476 quae
431 1401 551 1461 Graecis
566 1403 645 1472 καύαξ
659 1405 737 1473 cata}
748 1404 824 1472 calae
837 1419 907 1460 mox
919 1403 1006 1460 etiarn
1021 1404 1083 1473 κῇυξ
1094 1403 1141 1473 κήξ
1152 1401 1297 1477 appellata

146 1508 199 1555 est.
241 1496 332 1574 (Vide
347 1498 437 1556 Curtii
453 1499 631 1575 Grundzttge
647 1500 698 1557 der
713 1499 923 1557 Griechischen
937 1498 1122 1574 Etymologie
1138 1517 1166 1574 p.
1183 1495 1263 1574 496.)

188 1594 362 1653 Transimus
377 1594 414 1652 ad
429 1596 525 1671 priora
547 1595 634 1655 Cum
656 1596 737 1654 diua
757 1596 889 1652 mulier.
933 1595 997 1652 lam
1017 1593 1159 1670 Bergkius
1173 1594 1203 1651 in
1218 1593 1295 1651 Mus.

147 1691 243 1749 Rhen.
265 1691 347 1749 XIX.
370 1694 427 1765 605
451 1693 619 1751 emendarat
640 1692 724 1751 Cum
747 1693 828 1751 diua
848 1693 1016 1751 muttiens
1036 1710 1128 1761 aues,
1148 1689 1176 1748 h.
1192 1710 1217 1749 e.
1239 1690 1296 1749 La·

147 1807 246 1847 uerna.
297 1788 398 1846 Acron
419 1789 456 1846 ad
478 1789 551 1848 Hor.
574 1788 649 1867 Epp.
670 1790 694 1847 I.
713 1793 758 1847 16.
775 1793 814 1848 60
840 1785 967 1871 [Forum
992 1784 1054 1869 dea]
1075 1788 1212 1847 Lauerna
1233 1790 1297 1846 urae

147 1885 279 1943 Salariae
307 1887 397 1942 lucum
422 1885 507 1956 habet,
529 1894 570 1945 est
587 1895 675 1945 autem
696 1890 744 1945 dea
754 1889 873 1966 surum.
917 1886 1106 1945 Simulacrum
1134 1890 1192 1944 eries
1208 1888 1297 1962 sures

147 1985 240 2040 colunt
248 1990 300 2039 aut
311 1985 379 2057 quia
393 1985 507 2040 consz'lra
520 2004 572 2042 sua
587 1987 670 2044 tacita
684 1988 851 2058 uolantem
862 1987 929 2060 quia
942 2005 1003 2043 cum
1017 1986 1124 2043 silentia
1133 1995 1227 2059 preces
1240 1986 1298 2041 ecies

146 2088 318 2137 exercentur.
342 2080 490 2139 Amobius
504 2083 570 2141 adu.
585 2082 673 2142 Gent.
689 2083 743 2141 III.
762 2087 799 2142 26
817 2082 885 2141 Non
903 2081 1168 2141 commemorabamus
1181 2080 1299 2137 hocloco

146 2177 238 2235 Deam
255 2176 415 2234 [aucrnam
425 2180 534 2256 surum
549 2179 681 2239 Bellanas
695 2181 861 2239 Dc'seordias
883 2180 994 2238 Furcas
1013 2188 1040 2237 ct
1057 2180 1138 2237 laeua
1159 2179 1209 2236 illa
1230 2197 1299 2252 quae

147 2276 312 2332 constr'tuitzi
326 2276 440 2332 numina
454 2278 654 2335 taciturnitatis
668 2279 775 2335 silentio
782 2276 1004 2354 praeteribamus.
1048 2277 1124 2333 Ante
1140 2274 1297 2351 BergkIum

147 2369 291 2446 Leyserus
312 2371 343 2427 in
364 2369 498 2430 Censura
518 2372 563 2431 ed.
586 2374 802 2450 Doeringianae
823 2372 919 2451 (lahn.
941 2376 1020 2431 Ann.
1042 2370 1107 2429 XV.
1131 2371 1183 2448 37)
1199 2373 1298 2430 diuam

147 2467 314 2525 Larundam
329 2468 532 2544 interpretatus
547 2481 599 2541 est,
614 2488 738 2547 eumque
754 2472 917 2547 nuperrime
939 2481 1056 2528 secutus
1070 2477 1113 2526 est
1129 2467 1297 2526 Schwabius

148 2564 236 2621 allato
251 2583 287 2622 ex
302 2564 412 2623 Placidi
426 2565 540 2625 Glossis
557 2566 640 2640 (Mai.
656 2567 748 2627 Class.
764 2568 849 2626 Auct.
864 2567 920 2625 111.
937 2564 1008 2644 478)
1023 2565 1192 2624 Larundam
1213 2584 1296 2640 quara

147 2662 259 2736 pucilam
274 2662 368 2718 diuam
379 2659 433 2738 (sic
449 2662 617 2722 Schwabius
631 2681 685 2740 pro
697 2682 733 2723 eo
745 2665 824 2741 quod
839 2665 947 2722 habent
961 2664 1077 2722 codices
1092 2660 1181 2739 uram)
1195 2662 1296 2718 dicunt.

148 2759 217 2834 Ipse
239 2759 355 2834 Bergkii
376 2761 570 2819 coniecturam
592 2761 697 2819 ducem
721 2772 837 2821 secutus
858 2761 973 2819 conicio
995 2761 1081 2820 Cum
1102 2761 1183 2818 diua
1206 2769 1298 2817 muta

146 2857 286 2933 gauias;
322 2857 371 2913 uix
399 2858 479 2915 enim
506 2859 595 2917 credo
623 2859 701 2918 diua
728 2861 771 2918 sic
799 2859 878 2918 nude
912 2876 964 2934 per
991 2876 1023 2917 se
1058 2859 1128 2935 poni
1157 2858 1296 2936 potuisse,

147 2954 315 3010 muttiens
336 2962 433 3010 autem
453 2955 554 3013 nescio
575 2956 645 3030 quid
665 2957 760 3031 asperi
781 2964 875 3027 sonat,
889 2965 921 3013 ut
939 2955 1009 3012 nihil
1029 2955 1065 3013 de
1087 2955 1297 3014 adsonantibus

147 3068 231 3110 aues
246 3050 436 3108 oscitantes
451 3051 580 3109 dixerim.
623 3052 700 3111 Diua
713 3063 794 3112 muta
808 3064 858 3113 aut
873 3052 1010 3112 Larunda
1024 3063 1067 3112 est
1082 3063 1131 3111 aut
1152 3063 1183 3112 ut
1203 3054 1297 3130 magis

148 3146 257 3206 inclino
272 3155 303 3202 ut
317 3146 435 3204 credam
449 3149 619 3222 Angerona.

191 3247 279 3304 Hanc
294 3247 373 3304 enim
387 3246 495 3304 Diuam
510 3248 629 3323 proprio
651 3249 771 3307 nomine
793 3260 929 3308 uocatam
951 3249 1040 3310 fuisse
1062 3250 1190 3309 indicant
1211 3250 1298 3308 leriae

148 3346 220 3412 eius,
238 3361 313 3419 quae
334 3343 394 3400 XII
416 3353 482 3402 ante
504 3346 642 3405 calendas
664 3347 812 3407 Ianuarias
834 3350 993 3408 celebratae
1009 3347 1104 3407 Diuae
1118 3347 1165 3405 uel
1178 3346 1298 3404 Diuales

148 3444 179 3501 in
195 3441 288 3498 Fastis
306 3439 508 3513 PraenestinIs,
522 3441 637 3503 Diualia
651 3446 682 3503 in
696 3444 861 3503 Maifeianis
884 3446 1072 3522 appellantur.
1114 3442 1160 3501 De
1175 3441 1229 3500 hac
1245 3442 1300 3499 dea

149 3539 244 3596 Varro
258 3535 291 3593 L.
307 3536 341 3595 L.
354 3536 406 3594 VI.
425 3559 461 3614 23
477 3541 518 3598 sic
534 3542 630 3601 scribit
645 3541 839 3617 Angeronalia
852 3541 888 3599 ab
901 3542 1053 3618 Angerona
1067 3543 1116 3597 eui
1128 3540 1300 3615 sacrificium

141 3640 185 3716 fit
197 3639 228 3693 in
241 3636 322 3691 curia
333 3635 464 3695 Acculeia
485 3645 512 3695 et
527 3639 728 3716 quociesserrae
735 3638 863 3714 publicae
877 3641 901 3696 is
915 3640 977 3697 dics.
1001 3639 1073 3698 Plin.
1084 3638 1124 3696 H.
1140 3637 1177 3695 N.
1190 3637 1245 3694 ΙΙΙ.
1260 3639 1297 3706 65

150 3729 283 3814 (Romae)
308 3750 400 3790 nonren
424 3736 542 3791 alterum
566 3737 654 3792 dicere
677 3738 790 3793 arcam's
814 3738 1047 3794 caeremoniarum
1072 3735 1152 3812 nefas
1175 3733 1299 3803 habetur,

149 3839 309 3909 optumaque
328 3837 354 3887 ct
365 3833 555 3908 salutarifidc
574 3832 705 3890 abolc'tum
725 3835 883 3891 enuntiauc't
902 3833 1027 3891 Valerius
1049 3831 1178 3890 Soranus
1198 3832 1300 3905 lur'tque

150 3949 219 3987 mox
226 3942 337 4006 poenas.
379 3928 447 3987 Non
462 3931 581 3987 alienum
596 3931 704 3987 ucalctur
718 3933 836 3989 c'nscrcre
848 3932 898 3989 hoc
911 3932 966 3989 laco
981 3931 1136 4004 exemplum
1157 3929 1299 4004 relegeram}

182 4101 192 4131 ¹
210 4105 282 4152 Simili
299 4105 371 4152 modo
387 4101 469 4158 ὤτονι,
481 4105 543 4164 quod
554 4113 587 4151 est
600 4100 660 4150 eliae
674 4101 757 4166 ὀρνέου
772 4102 887 4163 acantici,
901 4103 1015 4150 uocabant
1032 4099 1087 4149 rom
1104 4097 1300 4161 elefararr'prout,

150 4188 244 4236 Sueton.
262 4183 315 4246 rcpl
329 4183 491 4246 βλασφημιῶν
503 4200 525 4246 p.
537 4197 585 4245 422
598 4184 621 4231 in
635 4186 719 4232 Milleri
738 4186 857 4250 Milanges
873 4185 901 4232 de
919 4185 1056 4232 Litterature
1069 4185 1181 4244 Grecque‚
1192 4184 1232 4243 qui
1244 4184 1301 4230 citat

149 4269 254 4316 Eustath.
267 4266 323 4329 561.
336 4281 358 4329 3.
373 4279 443 4330 1522.
454 4263 493 4327 56.
527 4267 633 4314 Eiusdem
647 4267 697 4314 libri
709 4282 732 4327 p.
746 4281 793 4330 5²3
811 4266 872 4327 quod
890 4281 919 4312 ex
935 4266 1056 4312 EustathIo
1072 4265 1143 4313 1818.
1163 4277 1193 4312 ιο
1210 4267 1301 4321 citatur,

150 4352 229 4399 nereio
241 4365 271 4397 an
283 4350 377 4397 Catullo
390 4357 474 4397 notum
486 4349 554 4396 tuerit
566 4349 652 4410 (XXV.
664 4351 688 4409 1)
699 4348 726 4396 ln
738 4346 764 4395 al
776 4347 820 4395 τοῦ
831 4345 925 4395 θάλλον
936 4345 975 4394 καὶ
987 4345 1138 4409 θαλλοφόροι
1145 4347 1301 4409 rapuimus&

149 4432 162 4481 l
173 4429 250 4494 μηδὶν
261 4428 379 4492 χρήσιμοι
390 4428 448 4479 ἀλλ’
458 4428 474 4490 ἢ
486 4428 625 4492 βοσκήμασι
638 4429 731 4478 θάλλον
743 4426 918 4490 παραβάλλειν.
947 4430 990 4478 Sed
1001 4430 1031 4477 cf.
1044 4430 1129 4479 Athen.
1141 4430 1198 4492 581.
