2872 5002
409 300 640 363 CARMINVM
669 302 860 364 CATVLLI.
1154 309 1213 365 287

61 467 183 546 Priapiis
198 469 275 549 (LII.
296 468 345 547 12)
362 469 433 530 Cum
448 477 554 528 tantum
568 473 634 528 sciet
644 490 699 528 esse
718 471 910 529 nuntularune.
953 469 1032 529 Hinc
1048 480 1215 548 postremos

61 589 79 640 4
95 587 197 628 uersus
212 568 341 644 Epodon
356 587 425 628 cum
439 568 567 628 Frankio
581 570 666 629 facio.

103 700 137 760 C.
152 700 242 758 XXII
263 699 403 759 Frankius
422 701 461 783 sjc
476 700 620 760 distribuit
638 720 670 759 ιι
688 698 776 781 (353)
796 719 842 759 ιο.
886 701 921 758 In
941 718 1001 777 quo
1020 719 1123 760 uerum
1142 700 1214 761 uidit

62 801 115 859 sed
130 818 191 858 non
205 800 335 859 omnino.
378 799 502 859 Felicius
526 800 596 858 mihi
617 818 679 858 rem
701 810 773 876 puto
794 800 935 871 euenisse,
951 800 1117 876 conparatis
1138 801 1212 859 inter

62 917 93 956 se
115 898 213 969 XXII,
236 898 351 956 XXIH.
394 897 472 957 Nam
494 898 593 956 XXII.
617 902 723 971 ι8-2ι,
746 917 814 958 curn
835 898 1039 975 praecedentia
1060 899 1142 976 quasi
1164 915 1215 958 ex-

62 999 172 1073 plicent
191 1009 219 1056 et
233 999 463 1074 interpretentur,
479 985 562 1074 quasi
576 995 674 1074 Epodi
696 997 764 1056 loco
779 997 913 1055 uidentur
926 998 1079 1074 subiungI:
1102 1007 1214 1056 ceteros

63 1114 165 1154 uersus
182 1114 244 1155 non
258 1107 343 1172 potes
358 1095 438 1154 aliter
460 1095 588 1153 diuidere
609 1105 696 1170 atque
718 1114 736 1153 a
757 1094 884 1153 Frankio
906 1106 974 1154 sunt
996 1095 1079 1154 diuisi
1102 1111 1149 1171 35,
1167 1098 1214 1171 36.

64 1195 164 1254 Simile
178 1206 221 1254 est
236 1198 323 1268 σχῆμα
339 1194 474 1253 carminis
489 1192 605 1251 XXIII.
640 1192 771 1251 Primum
786 1193 970 1270 distmguitur
984 1205 1051 1272 post
1066 1198 1093 1268 6,
1109 1196 1215 1257 deinde

63 1304 132 1370 post
151 1312 182 1351 ιι
207 1291 259 1371 (Aa
279 1293 342 1370 Αβ).
400 1290 437 1349 In
454 1310 489 1349 ι2
506 1291 599 1365 Atqui
615 1301 732 1366 corpora
753 1293 869 1350 sicciora
890 1312 977 1350 cornu
997 1311 1075 1352 noua
1094 1293 1214 1353 insertur

62 1393 180 1469 partitio
203 1390 359 1449 duodecim
385 1407 529 1460 uersuum,
551 1388 600 1466 qui
622 1407 721 1448 rursus
745 1390 775 1447 iu
799 1391 826 1460 6,
850 1392 867 1448 6
890 1391 1060 1450 scinduntur
1082 1390 1131 1470 (Bu
1151 1389 1225 1468 Bp).

64 1491 122 1550 HIs
144 1492 353 1550 subnectuntur
373 1499 510 1565 quattuor
531 1507 632 1547 uersus
655 1487 767 1567 (24-27
780 1488 812 1567 ¹).
855 1489 956 1568 Itaque
978 1489 1051 1550 haec
1072 1490 1132 1549 duo
1153 1510 1215 1550 car-

64 1592 146 1647 mina
180 1589 323 1647 artissimo
357 1588 431 1647 inter
461 1605 493 1646 se
528 1588 647 1647 uinculo
682 1589 888 1648 consensionis
920 1589 1110 1669 copulantu15
1146 1607 1215 1649 narn

64 1688 156 1745 XXII
194 1686 251 1746 hoc
266 1687 354 1745 habet
368 1690 456 1760 σχῆμα
471 1689 488 1744 8
505 1684 570 1765 (35)
613 1706 630 1761 9
647 1683 782 1766 (36)÷4,

64 1785 172 1844 XXIII
193 1786 250 1845 hoc
453 1803 486 1842 11
506 1781 572 1864 (65)
595 1803 629 1842 12
645 1783 782 1864 (66)÷4.

108 1926 142 1986 C.
171 1926 276 1985 XXIX
303 1925 382 1984 uarie
417 1935 564 1983 tentarunt
592 1924 798 1985 Mommscnus
829 1924 1008 1985 Ribbeckius
1039 1925 1215 1986 Schwabius.

66 2024 273 2084 Mommsenus
295 2022 386 2102 (Hist.
409 2022 498 2082 Rom.
520 2022 576 2081 III.
592 2022 664 2101 318)
685 2033 851 2100 postremos
873 2035 1009 2100 quattuor
1028 2041 1131 2084 uersus
1148 2034 1216 2100 post

66 2142 93 2180 u
114 2141 150 2180 ro
164 2124 269 2199 posuit,
284 2139 372 2198 quem
387 2130 503 2179 secutus
517 2132 561 2179 est
576 2120 744 2180 Schwabius
759 2123 811 2182 sed
826 2132 857 2180 ut
871 2122 945 2181 duos
960 2132 1072 2180 tantum
1086 2120 1148 2200 (23,
1165 2120 1217 2198 24)

65 2231 277 2297 transponeret.
321 2217 600 2299 Ribbeckiusnunc
621 2219 754 2278 ordinem
776 2219 844 2278 iacit
858 2219 954 2299 (Iahn.
969 2221 1048 2279 Ann
1063 2219 1216 2280 LXXXV.

66 2316 140 2396 377)

235 2418 271 2457 10
312 2398 357 2456 Es
371 2399 525 2474 inpudicus
539 2405 565 2457 et
577 2418 672 2456 uorax
686 2406 713 2457 et
724 2400 789 2457 aleo.

233 2516 264 2554 ιι
310 2496 388 2554 Eone
401 2499 515 2569 nomene,
530 2499 678 2572 imperator
692 2500 776 2570 unere,

234 2615 267 2653 12
311 2593 413 2653 Fuisti
422 2597 453 2652 in
466 2596 563 2653 ultima
578 2596 720 2654 accedentes
733 2596 836 2668 insula,

233 2712 269 2769 23
312 2692 390 2751 Eone
403 2694 509 2751 nomine
522 2694 602 2752 urlis
617 2696 835 2770 opulentissimae

232 2809 268 2862 24
312 2790 397 2849 Socer
406 2809 542 2868 generque
550 2792 713 2866 perdidistis
727 2794 828 2864 emnia,

236 2909 270 2964 ι3
321 2890 356 2948 Vt
368 2891 422 2948 ista
437 2895 531 2947 uestra
544 2889 675 2965 dpututa
688 2892 807 2949 mentula

235 3006 270 3059 ¹4
312 2988 460 3046 Ducenties
473 2996 598 3046 conusset
609 2995 661 3046 aut
671 2992 834 3048 trecenties.)

234 3102 268 3160 15
314 3087 393 3159 Quid
402 3094 443 3145 est
454 3088 509 3145 alit
519 3088 638 3145 sinestra
653 3088 833 3147 liberalitas?

234 3204 267 3243 21
317 3185 395 3257 Quid
404 3186 478 3244 lunc
491 3186 596 3244 malum
598 3185 709 3262 fauetis
722 3193 773 3245 aut
785 3186 854 3262 quid
864 3185 909 3242 hie
919 3193 1006 3262 potest

235 3303 269 3342 22
313 3284 386 3342 Nisi
397 3293 478 3343 uncta
493 3287 623 3343 deuorare
632 3286 829 3361 patrimonia?

236 3385 271 3439 16
313 3381 426 3440 Parum
440 3386 604 3457 expatruuit
616 3404 653 3441 an
663 3393 767 3460 parum
782 3382 921 3440 helluatus
934 3386 997 3440 est?

235 3495 269 3554 17
312 3480 440 3538 Paterna
449 3481 548 3555 prensa
561 3481 704 3538 lancinata
718 3487 786 3538 sunt
798 3480 867 3538 dona
877 3501 887 3537 :

236 3581 270 3634 18
312 3575 438 3636 Secunda
448 3578 556 3653 praeda
569 3578 696 3649 Pente'ea,
712 3579 775 3635 inde
788 3579 872 3636 tertia

235 3694 270 3751 19
312 3675 434 3745 Hibera,
448 3695 530 3750 quani
545 3677 597 3732 scit
608 3678 701 3734 amnis
714 3678 785 3734 auri
798 3696 828 3734 er
846 3675 877 3734 T
870 3696 950 3755 agur.

233 3792 271 3832 20
292 3774 400 3844 †Hune
416 3773 528 3833 Galliae
541 3775 617 3831 te'met
627 3780 653 3830 et
665 3773 846 3834 Britanniae.

108 3907 224 3965 Harum
238 3908 432 3966 mutationum
451 3906 525 3965 duae
540 3906 599 3966 sere
618 3917 686 3966 sunt
701 3927 815 3967 causae.
860 3907 905 3986 (r)
921 3906 951 3965 Si
966 3924 1065 3965 uersus
1084 3923 1121 3976 24
1135 3902 1219 3963 Socer

28 4086 29 4090 ¹
59 4025 199 4082 generque
215 4006 378 4080 perdidistis
398 4008 490 4062 omnia
511 4006 658 4082 praecedit
684 4026 729 4082 ι3,
751 4013 847 4063 uestra
871 4005 959 4064 habet
983 4022 1043 4082 quo
1071 4004 1218 4064 reseratur.

99 4169 107 4198 ¹
120 4171 139 4217 F
141 4170 234 4218 rankius
243 4186 264 4217 c.
270 4170 350 4217 XXIII
362 4170 394 4218 sic
405 4170 496 4217 ordinat
508 4186 524 4232 4
538 4206 544 4219 .
559 4185 570 4218 2
584 4187 589 4218 :
602 4171 632 4226 8;
652 4187 660 4219 ι
677 4172 706 4219 :8
720 4207 726 4218 .
738 4187 762 4234 4,
771 4181 797 4218 ut
807 4184 853 4233 1-4
862 4171 1007 4230 prooequm
1015 4171 1060 4217 sint
1069 4179 1148 4233 24-27
1158 4171 1220 4217 clau·

65 4254 122 4306 sula.
136 4251 184 4314 5-6
199 4267 239 4312 per
256 4268 279 4299 se
296 4261 365 4309 stent,
380 4264 408 4313 15
427 4253 547 4298 transitum
565 4253 634 4300 saciat
651 4269 664 4299 a
682 4254 734 4299 Furi
752 4254 885 4312 parentibus
902 4253 931 4299 ad
948 4255 1021 4312 ipsum
1040 4253 1140 4300 Furium.
1177 4253 1220 4301 Sed

67 4351 115 4382 non
127 4336 210 4382 benea
226 4348 271 4396 r—4
283 4335 431 4399 seiunguutur
443 4333 499 4396 5-6‚
515 4351 556 4382 uec
572 4336 626 4382 satis
640 4337 715 4382 subest
726 4351 808 4383 causae
824 4351 864 4384 cur
879 4347 906 4397 15
921 4337 1002 4400 Quare
1016 4351 1062 4383 non
1074 4337 1115 4384 tili
1129 4337 1158 4384 sit
1168 4337 1221 4383 lene

67 4436 96 4466 ae
111 4419 193 4466 beate!
208 4418 239 4464 sic
252 4417 312 4464 nude
324 4418 419 4480 legatur.
