2872 5002
535 384 900 450 PROLEGOMENA.
1265 392 1295 449 ix

139 585 185 625 nos
195 569 233 626 ita
246 568 389 627 rodentem
396 570 501 645 pistillo
510 571 670 628 mommolo·
679 578 851 629 conteramus
861 572 932 644 (502
946 567 985 642 C)
997 568 1035 628 ad
1045 569 1207 647 Vergilium
1216 567 1292 650 (Ecl.

116 738 120 744 ,
140 664 191 722 ΙΧ.
207 663 260 743 65)
278 674 312 725 ut
331 674 360 724 et
378 686 420 725 me
439 668 522 725 eodem
532 666 617 743 fasce
636 668 731 726 leuare
750 673 776 725 et
794 668 870 725 uobis
890 668 952 724 sade
972 675 1113 744 utcumque
1130 686 1293 727 concurrere

141 763 247 821 ualeam
269 765 346 840 (439
369 766 421 839 A).
464 764 650 841 Quamquam
672 783 732 823 non
753 764 860 823 infitior
881 783 918 824 ne
938 783 1030 824 unum
1051 765 1169 842 quidem
1193 766 1293 826 locum

142 879 177 920 ex
194 861 240 921 hIs
258 871 321 920 tam
341 863 419 923 clare
436 864 474 922 ad
488 862 633 923 Catullum
652 864 749 922 referri
763 875 869 923 utnon
884 864 1000 924 aliunde
1018 865 1139 925 deriuari
1159 867 1292 942 potuerit.

141 957 213 1018 Post
231 959 405 1020 RatherIum
425 980 517 1037 usque
538 962 576 1022 ad
597 961 709 1020 initium
731 961 838 1020 saeculi
854 960 931 1020 XIII
952 981 1029 1022 unus
1048 973 1093 1022 est
1113 963 1163 1040 qui
1184 964 1292 1040 aliquid

142 1076 179 1116 ex
193 1057 301 1117 Catulli
319 1060 496 1119 carmInibus
515 1059 673 1119 laudauerit
692 1060 820 1119 Ioannes
839 1058 1070 1133 SarisburIensis,
1084 1062 1134 1137 qui
1152 1063 1184 1119 in
1197 1061 1291 1121 Meta-

142 1155 239 1231 Iogiae
251 1156 343 1216 Libro
357 1157 381 1216 1.
396 1177 432 1230 24
450 1158 521 1217 haec
539 1158 607 1218 dicit
621 1156 785 1233 Antiquitas
803 1157 955 1216 uocabatur
970 1159 1103 1231 tolerator,
1118 1161 1203 1218 auxta
1222 1160 1297 1217 illud

144 1252 259 1312 Catulli
268 1252 383 1312 Munus
396 1256 446 1314 dat
457 1256 511 1314 tibi
521 1254 605 1315 Sulla
619 1258 746 1314 literator
762 1254 857 1330 (XIV.
869 1259 910 1330 9).
954 1255 1014 1315 Sed
1027 1256 1106 1315 hunc
1122 1274 1240 1316 uersum
1254 1276 1291 1316 ex

142 1349 290 1412 Martiano
311 1351 433 1430 Capella
456 1354 569 1413 uIdetur
593 1354 809 1432 deprompsisse
830 1355 899 1427 (ΙΙΙ.
918 1356 998 1430 229).
1049 1353 1149 1429 Itaque
1171 1364 1293 1414 assertor

142 1451 237 1507 nostri
259 1470 334 1509 nune
357 1453 485 1511 literatus
507 1454 620 1524 dieder,
645 1454 782 1511 litterator
809 1458 891 1509 antea
918 1451 1077 1511 uocabatur.
1126 1451 1191 1511 Hoc
1211 1455 1293 1524 ettam

145 1545 278 1606 Catullus
294 1549 408 1624 quodam
428 1570 483 1608 non
501 1553 629 1608 aasuauis
643 1557 722 1626 poeta
740 1555 929 1607 commemorat
940 1551 1030 1608 dolens
1045 1548 1156 1608 Munus
1175 1551 1226 1608 dat
1240 1551 1296 1609 tibi

141 1641 225 1720 Syllo
245 1645 381 1706 literator.
423 1646 577 1724 Nusquam
597 1657 844 1707 commemoratur
861 1666 879 1706 a
896 1647 1002 1718 Dante,
1017 1636 1175 1707 Vincentio
1194 1647 1291 1708 Bello·

141 1743 271 1813 uacensi,
286 1742 419 1821 Hugone
440 1745 667 1822 Trimbergensi.
710 1745 786 1804 Illud
807 1755 905 1804 tamen
926 1763 994 1804 uere
1015 1745 1118 1805 uideor
1137 1763 1225 1824 posse
1248 1747 1291 1806 di-

141 1858 216 1910 cere,
237 1843 340 1917 paucis
363 1843 516 1919 scriptores
537 1845 602 1903 aeui
626 1844 714 1902 medii
738 1852 799 1902 tam
824 1844 959 1919 cognitos
983 1853 1102 1903 esseut
1130 1862 1185 1921 pro
1210 1854 1290 1904 certo

140 1936 269 1996 habeant
290 1941 400 1998 nemini
421 1959 521 2000 eorum
542 1940 689 2000 Catullum
709 1942 883 2013 innotuisse..
928 1941 1012 2001 Duos
1033 1940 1116 2000 locos
1140 1959 1290 2018 apponam

142 2037 192 2111 qui
220 2054 239 2094 a
268 2035 373 2095 Catulli
400 2037 473 2097 libro
504 2039 647 2115 profluere
679 2048 843 2115 potuerunt
900 2037 1037 2098 Guilelm.
1065 2037 1219 2098 Malmesb.
1249 2038 1291 2098 11.

140 2133 156 2208 ξ
181 2147 238 2208 159
261 2132 363 2193 Mater
376 2136 486 2210 puellae
511 2156 581 2212 quae
606 2137 812 2195 concubinatum
828 2138 913 2214 filiae
939 2137 1136 2213 deologmaretur
1157 2138 1290 2196 ancellum

141 2232 239 2289 amata
253 2235 340 2291 metes
354 2233 470 2292 tenebro's
487 2234 577 2292 cubili
591 2237 723 2310 apposuit,
738 2222 876 2310 uirginem
896 2252 962 2293 sane
982 2254 1029 2292 nec
1048 2235 1224 2311 saelegantem
1244 2255 1292 2293 nec

141 2328 289 2404 illepidam.
332 2330 368 2389 cf.
388 2329 451 2390 Cat.
466 2332 503 2389 X.
520 2350 546 2406 3,
563 2351 580 2404 4
595 2330 767 2403 Scortillum,
788 2339 822 2389 ut
839 2331 913 2390 mibi
929 2341 987 2390 tum
1008 2338 1112 2408 repente
1131 2333 1223 2389 ussum
1244 2340 1290 2404 est,

141 2423 203 2483 Nec
221 2444 295 2485 sane
314 2428 453 2504 ellepe'elum
472 2449 519 2487 nec
536 2431 720 2488 omanustum.
763 2429 893 2489 Gualteri
907 2429 1114 2489 Alexandreid.
1129 2428 1214 2488 VIII.
1231 2433 1290 2504 385

142 2521 193 2582 Sic
210 2543 315 2601 quoque
332 2527 419 2584 multa
436 2529 513 2603 cupos
530 2545 600 2603 quae
617 2545 671 2584 non
688 2529 772 2603 capes.
815 2526 850 2586 cs.
867 2524 931 2585 Cat.
947 2524 1028 2585 LXI.
1046 2539 1099 2601 197
1121 2525 1198 2596 Quae
1213 2528 1292 2602 cupis

141 2623 225 2696 capos.
278 2622 343 2682 Nec
367 2623 472 2684 desunt
493 2624 523 2682 in
546 2623 703 2684 Glossariis
727 2624 872 2683 uocabula
895 2640 971 2700 quae
999 2640 1036 2681 ex
1061 2621 1176 2682 Catullo
1201 2625 1293 2699 petita

142 2718 304 2779 uideantur.
346 2720 425 2781 Nam
439 2721 520 2798 quod
535 2720 703 2781 Schwabius
716 2722 747 2780 in
761 2721 890 2794 Placido,
899 2738 957 2796 ego
971 2720 1001 2778 iu
1017 2719 1169 2780 Glossario
1183 2721 1290 2781 Ballio·

140 2815 214 2876 lensi
234 2819 358 2894 repperi,
378 2821 497 2877 eotaro'er
514 2820 638 2878 celeriter
657 2822 769 2891 oooueri,
783 2836 837 2897 pro
858 2837 889 2878 se
910 2820 1034 2896 quisque
1055 2819 1094 2879 ad
1115 2816 1221 2879 Catulli
1241 2819 1290 2880 lxi.

142 2931 179 2985 4²
201 2915 412 2987 renueremus,
432 2934 601 2994 quanquam
624 2917 675 2975 uia
696 2925 875 2993 congruente
895 2915 1149 2992 interpretatione3
1171 2927 1239 2994 post
1259 2917 1291 2976 io

140 3012 248 3071 eodem
269 3012 422 3072 Glossario
442 3015 540 3074 inueni
563 3014 653 3092 Cinge
671 3021 792 3091 tempora
812 3032 950 3084 coronare,
965 3014 1046 3090 quod
1066 3014 1104 3074 ad
1125 3013 1172 3073 lxi.
1189 3015 1207 3072 6
1229 3034 1290 3074 non

142 3109 268 3169 absurde
281 3113 474 3172 reuocauerIs.
505 3112 582 3172 Vide
596 3114 684 3173 etiam
698 3130 773 3190 quae
787 3112 825 3172 ad
839 3112 896 3170 ixii
910 3129 944 3168 12
960 3112 1107 3171 adnotaui.
1139 3112 1292 3172 Praeterea

142 3209 193 3284 qui
214 3226 317 3268 uersus
337 3210 416 3286 apud
436 3209 615 3270 Priscianum
636 3211 681 3270 bis
702 3211 743 3270 sic
765 3210 867 3286 legitur
880 3228 906 3267 v.
922 3221 970 3284 77,
984 3210 1030 3269 vii.
1048 3229 1095 3282 aa,
1112 3209 1293 3270 Celte'berosae

145 3304 311 3365 Celtiberiae
320 3308 377 3382 fili,
388 3309 418 3366 in
432 3327 493 3368 uno
507 3308 609 3368 eodIce
619 3308 851 3367 DarmstadIensi
865 3326 940 3367 saec.
956 3307 995 3365 xii
1012 3307 1196 3367 Cune'culosae
1208 3307 1291 3386 Of,

141 3404 222 3464 unde
243 3404 285 3465 sic
306 3415 452 3466 correctus
466 3408 530 3467 est?
570 3407 633 3466 Aut
651 3424 687 3465 ex
710 3406 851 3482 glossario
870 3405 975 3481 aliquo,
990 3415 1023 3464 ut
1043 3406 1165 3477 uidetur,
1185 3415 1233 3465 aut
1253 3425 1290 3465 ex

141 3502 209 3579 ipso
223 3504 326 3563 codice
340 3502 446 3563 Catulli
460 3504 621 3564 carminum
629 3522 639 3576 ;
661 3504 722 3562 siue
740 3504 770 3562 in
787 3504 919 3579 margIne
939 3503 1078 3579 scriptum
1092 3503 1185 3562 suerat
1200 3502 1290 3563 Cuni-

126 3601 250 3658 ‘culosae
268 3602 377 3662 codicis
391 3601 545 3662 Priscianei
564 3602 643 3661 unde
657 3601 904 3660 Darmstadiensis
923 3601 1068 3659 deriuatus
1083 3611 1134 3671 est,
1150 3602 1211 3659 siue
1228 3601 1290 3676 ipse

142 3699 237 3757 scriba
263 3698 509 3760 DarmstadIensis
537 3719 573 3759 ex
598 3698 761 3759 Catulliano
790 3699 916 3768 carmine
947 3699 978 3757 id
1009 3709 1179 3774 sumpserat.
1231 3699 1290 3758 Sed

143 3795 217 3854 haec
245 3797 363 3869 incerta,
389 3816 443 3858 nec
471 3816 639 3875 quenquam
662 3798 798 3856 nouimus
823 3797 872 3874 qui
897 3805 964 3872 post
989 3796 1160 3855 Ratherium
1185 3796 1290 3856 Catulli

141 3893 247 3955 librum
268 3896 330 3954 siue
349 3896 494 3971 iutegrum
515 3897 577 3955 siue
595 3904 762 3971 excerptum
783 3895 884 3971 legerit
905 3903 973 3951 ante
994 3895 1083 3952 finem
1104 3895 1209 3952 saeculi
1231 3896 1290 3954 xiii.

141 3991 188 4051 Eo
207 3992 267 4052 lere
287 4003 419 4069 ternpore
440 3995 580 4069 scriptum
598 3993 721 4051 creditur
745 3992 939 4068 Compendium
960 3992 1108 4048 moralium
1129 3992 1291 4051 notabilium

136 4100 190 4166 per
210 4089 398 4149 llzkreinoam¹
420 4093 534 4150 sudorem
555 4093 586 4149 de
605 4090 796 4168 Montagnone
817 4093 902 4148 coaem
923 4090 1095 4147 Paduanum
1116 4090 1196 4165 quod
1217 4091 1290 4152 inter

142 4189 233 4248 muita
246 4189 427 4248 diuersorum
442 4191 616 4266 scriptorum
630 4190 703 4248 haec
717 4190 804 4248 habet
819 4189 931 4248 Catulli.

176 4318 185 4347 ¹
202 4320 350 4368 Scardeonius
367 4322 396 4368 de
411 4323 555 4384 Antiquitate
571 4323 639 4370 Urbis
656 4324 753 4378 Patavii,
769 4337 792 4382 p.
807 4333 861 4383 235,
872 4322 908 4369 ed.
922 4321 988 4375 Basil,
1003 4317 1078 4380 1560:
1097 4321 1290 4385 Quandoquidem

141 4407 212 4461 nuper
243 4399 372 4447 Hieremiae
400 4400 557 4466 Moutagnoul
588 4403 672 4448 mentio
696 4401 765 4461 sacto
794 4411 833 4455 est,
859 4416 904 4446 non
935 4399 964 4445 ab
994 4413 1019 4444 re
1046 4400 1091 4446 erit
1114 4401 1236 4461 quaepiam
1263 4402 1291 4448 de
