2872 5002
138 340 149 400 t
530 342 894 404 PROLEGOMENA.

140 528 171 585 in
196 524 343 585 Catullum
371 524 479 583 inducti
507 525 649 584 uidentur.
699 524 796 585 Prima
817 527 926 603 pagina
950 526 1108 602 praefixam
1131 525 1221 584 habet
1247 524 1291 583 iu·

141 636 252 684 certum
267 641 327 701 quo
342 624 479 700 scriptam
499 631 631 699 tempore
648 624 723 683 hanc
741 635 841 684 notam
861 631 897 689 V
911 625 1044 682 uersibus
1059 623 1081 681 I.
1098 628 1116 681 8
1134 623 1230 695 Quare
1241 620 1295 680 Ml

140 722 209 779 lube
222 722 413 798 quicque‘dleoc
426 721 519 793 le'belle',
535 721 573 778 II.
592 736 608 796 7
624 721 668 778 Ee
678 723 837 780 solaciolum
851 724 901 780 sui
911 723 1020 793 dolores,
1039 741 1072 780 11
1091 720 1161 779 Tam
1172 727 1291 799 gram

140 824 181 876 est
198 820 271 877 melei
287 839 369 895 quom
380 821 488 898 ferunt
501 822 597 896 puelle,
613 819 668 878 III.
688 839 700 877 t
718 821 804 896 lugete
823 839 839 877 o
859 839 968 878 ueneres
981 821 1180 896 cupiditasque,
1201 838 1236 894 13
1249 817 1293 879 ΔΙ

141 917 219 974 uobis
238 918 307 975 male
319 919 360 975 sit
373 919 443 975 mole
462 919 565 977 tenebre
573 940 588 987 ,·
609 929 757 994 praeterea
778 919 894 977 notulas
915 919 1058 995 quasdam
1080 917 1118 976 ad
1132 917 1155 975 I.
1172 936 1189 989 4
1205 915 1291 975 Intel-

140 1015 198 1090 lr'go
216 1017 247 1071 de
267 1017 384 1091 ue'rge'le'o
397 1021 424 1073 el
435 1026 489 1091 per
507 1024 563 1074 tres
582 1024 677 1075 curtos
697 1018 820 1093 intelligo
839 1025 894 1075 tres
910 1019 968 1074 eries
985 1016 1072 1074 libros
1092 1016 1121 1093 ἦ
1141 1015 1289 1075 bucholt‘ta.

144 1112 281 1187 Georgica
296 1115 322 1188 §-
335 1111 460 1188 Enyda,
475 1113 501 1172 I.
518 1135 536 1188 9
552 1114 683 1191 Intellego
697 1117 728 1172 de
743 1116 844 1190 palude
863 1115 952 1173 uelde
966 1134 1046 1172 muso
1060 1122 1074 1171 ῑ
1087 1115 1177 1190 geruli
1190 1115 1291 1189 (gene-

140 1208 203 1286 rali)
218 1230 287 1285 quae
300 1213 349 1268 diu
363 1221 509 1287 menone!
520 1233 567 1270 ceu
586 1214 732 1283 tmorlulz's,
745 1213 782 1270 ΙΙ.
802 1237 811 1270 ι
832 1209 966 1288 Complelo
972 1212 1116 1287 prolemio
1129 1223 1196 1286 opus
1210 1227 1289 1270 stum

141 1310 253 1367 tuchoni
263 1311 337 1384 quod
343 1312 424 1367 uario
438 1319 585 1369 metrorum
594 1331 694 1386 genere
702 1313 882 1387 prosequitur
895 1312 1013 1369 moteniz
1026 1311 1191 1388 lomensere
1204 1307 1291 1367 omne

139 1414 180 1464 est
197 1408 298 1464 comata
319 1414 352 1464 ul
370 1408 491 1483 zhfereiu
519 1411 730 1467 demonstratur.
772 1409 891 1468 Viderat
919 1410 997 1467 hunc
1019 1406 1153 1467 codicem
1180 1407 1291 1467 amicm

141 1503 279 1575 Santoni,
294 1523 420 1581 eumque
435 1525 489 1582 pro
504 1506 644 1565 Santenio
657 1517 832 1566 excusserat.
873 1506 970 1564 Etiam
984 1524 1063 1565 nunc
1084 1516 1240 1582 supersunt
1258 1505 1291 1565 iu

141 1597 242 1655 codice
264 1609 369 1668 cartae,
390 1600 495 1675 quibus
516 1599 588 1659 haec
610 1611 738 1671 testatur,
758 1601 896 1678 additque
915 1619 946 1658 se
967 1600 1004 1658 ad
1022 1599 1195 1658 Santenium
1222 1596 1292 1657 nint

140 1691 263 1748 misisse.
304 1691 395 1750 Hunc
417 1693 550 1752 codicem
571 1704 620 1753 aut
641 1695 873 1770 antiquissimum
886 1694 982 1753 habeo
997 1695 1132 1753 omnium
1146 1694 1197 1769 qui
1211 1710 1291 1752 nunc

140 1797 294 1864 supersunt
308 1800 356 1847 aut
370 1809 431 1849 uno
446 1790 639 1852 Germanensi
654 1793 825 1851 inferiorem.

183 1917 209 1966 4.
232 1894 271 1953 D.
284 1895 426 1969 Batauus,
441 1898 534 1971 (Diez.
547 1899 580 1957 B.
592 1899 670 1958 Sant.
689 1903 740 1974 37)
751 1900 820 1959 olim
832 1900 928 1958 Caroli
939 1899 1017 1971 Dati‚
1029 1918 1100 1959 mox
1115 1899 1153 1957 N.
1165 1898 1292 1969 Heneti,

141 2004 291 2068 postremo
306 1994 445 2066 Santeuii,
460 1997 542 2055 cuius
563 2016 630 2055 cum
651 2009 790 2074 apparatu
810 1999 921 2075 reIIquo
944 1998 1109 2057 Catulliauo
1132 2006 1292 2074 postquam

141 2108 220 2148 anno
240 2094 317 2150 1800
335 2091 374 2149 H.
391 2093 423 2152 F.
438 2093 531 2152 Diezii
552 2095 645 2153 iactus
668 2107 721 2168 est,
747 2098 821 2155 inter
843 2115 915 2173 opes
940 2096 1095 2155 Diezianas
1120 2098 1151 2154 in
1180 2095 1290 2155 Biblio-

141 2188 256 2247 thecam
271 2189 397 2265 Regiam
413 2190 631 2252 Beroliuensem
646 2196 779 2270 peruenit
787 2195 805 2253 ¹.
850 2195 921 2255 ‘Est
935 2206 1084 2254 cartaceus
1097 2195 1193 2255 forma
1207 2205 1291 2255 octo·

142 2288 245 2345 ‘naria
303 2288 441 2347 Continet
462 2290 532 2349 loha
558 2291 653 2361 LXII,
676 2311 799 2369 quorum
827 2312 895 2371 pars
923 2294 1011 2371 longe
1031 2295 1160 2352 maxima
1188 2311 1291 2352 uersus

141 2385 278 2444 ‘uicenos
307 2386 438 2463 singulos
466 2387 561 2450 habet.
610 2389 725 2449 Catullo
754 2393 918 2468 praeposita
946 2402 990 2451 est
1016 2393 1046 2450 In
1071 2391 1146 2451 soliis
1176 2391 1291 2450 l-vtr

141 2476 346 2561 ‘Ouidii'quae
359 2485 447 2543 fertur
461 2484 593 2563 Epistula
613 2488 748 2565 Sapphus
764 2488 886 2567 (heroid.
901 2487 972 2568 XV)
987 2490 1017 2548 in
1032 2490 1102 2550 folio
1117 2489 1204 2549 LXII
1219 2489 1290 2548 nihil

141 2585 296 2660 ‘scriptum
318 2594 430 2660 praeter
451 2585 585 2645 ultimum
606 2588 669 2646 libri
684 2587 839 2647 Catulliani
854 2607 972 2648 uersum
986 2600 1015 2647 et
1034 2589 1289 2667 subscriptionem,

141 2682 236 2740 ‘unde
257 2683 396 2741 datanum
421 2701 500 2742 anno
525 2686 601 2759 14⁶3
623 2697 771 2745 exaratum
792 2705 856 2746 esse
881 2688 998 2759 scimus,
1019 2688 1179 2764 imaginem
1200 2689 1290 2765 scrip·

141 2785 237 2836 ‘turae
258 2779 431 2857 lithographi
453 2792 512 2839 arte
534 2801 700 2858 expressam
717 2786 782 2864 (sed
797 2804 855 2862 qua
872 2797 956 2845 caute
970 2786 1112 2845 utendum
1126 2784 1184 2865 est)
1199 2786 1290 2845 edidit

141 2874 195 2932 ‘G.
211 2876 393 2934 Froehnerus
414 2878 512 2952 philol.
535 2880 634 2938 XIIII.
660 2885 727 2958 569.
750 2884 847 2942 datani
868 2904 972 2944 manus
993 2886 1087 2962 prIma
1108 2886 1179 2962 quid
1199 2887 1289 2961 scrip-

141 2974 225 3030 ‘setit
246 2975 361 3049 saepius
376 2975 539 3035 difficillime
561 2979 695 3054 dignosci
716 2993 822 3058 potest,
839 3001 906 3042 cum
928 2993 1104 3043 correctores
1126 2994 1183 3042 tres
1203 2985 1289 3042 mini·

141 3074 240 3125 ‘mum
255 3070 377 3141 suerunt,
393 3073 445 3131 sed
460 3075 565 3151 ubique
581 3079 701 3153 singulis
720 3099 773 3139 sua
792 3083 914 3141 tribuere
930 3101 985 3141 nec
1000 3082 1066 3141 tteet
1079 3101 1134 3141 nec
1149 3083 1288 3158 prodest:

141 3166 248 3224 ‘multa
262 3169 409 3228 eradendo
424 3175 565 3232 mutando
579 3179 820 3252 superscribendo
835 3181 985 3256 pristinam
997 3182 1168 3257 scripturam
1182 3183 1289 3241 mirum

142 3269 301 3341 ‘quantum
316 3269 570 3330 obscurauerInt'.’
613 3274 732 3333 Librum
755 3296 868 3336 summa
883 3297 952 3336 cura
972 3288 1115 3339 scrutatus
1129 3292 1174 3340 est
1194 3281 1290 3341 Lach-

140 3381 276 3435 mannus,
291 3376 319 3423 et
334 3379 400 3443 post
414 3388 480 3427 cum
497 3370 678 3431 Froehnerus
693 3385 720 3433 et
736 3375 913 3435 Schwabius.

181 3462 218 3520 L.
241 3462 289 3522 Sic
303 3465 396 3525 dictus
411 3486 428 3524 a
444 3467 599 3529 Laurentio
615 3471 762 3532 Santonio.
805 3473 963 3533 Cartaceus
978 3486 1022 3534 est
1032 3475 1127 3535 forma
1137 3479 1289 3537 octonaria

141 3559 223 3618 Saec.
252 3560 317 3620 XV.
370 3564 451 3623 Folia
473 3567 560 3625 habet
583 3584 640 3642 505
663 3571 792 3647 singulae
814 3573 938 3649 paginae
959 3592 1096 3633 uersuum
1117 3575 1289 3654 plerumque

142 3672 208 3721 sunt
230 3684 244 3722 2
250 3679 275 3739 5.
319 3664 407 3724 Foliis
426 3687 539 3727 1-111
558 3671 664 3746 scripta
675 3681 718 3729 cst
732 3672 824 3748 elegia
843 3675 898 3748 136
913 3693 1058 3747 uersuum,
1072 3675 1214 3735 incertum
1228 3695 1288 3755 quo

141 3774 274 3835 auctore;
292 3763 362 3822 solio
374 3764 430 3821 IVr
441 3764 544 3824 Catulli
555 3767 626 3826 liber
636 3769 743 3847 incipit.
769 3772 943 3848 Adscriptae
954 3782 1020 3832 sunt
1030 3774 1128 3833 uariae
1139 3775 1287 3849 lectiones,

141 3877 264 3934 quarum
279 3859 368 3919 ‘alias
390 3863 452 3938 ipse
474 3866 567 3922 scriba
589 3885 657 3924 cum
677 3880 807 3928 exararet
828 3871 946 3941 addidit,
962 3871 1034 3930 alias
1048 3871 1170 3931 dubitari
1192 3883 1288 3950 potest

142 3961 256 4015 ‘utrum
276 3959 354 4017 idem
383 3962 434 4019 sed
463 3964 519 4022 alio
540 3975 670 4042 tempore
695 3979 781 4044 atque
802 3969 916 4027 calamo
938 3980 967 4028 et
988 3979 1149 4029 atramento
1172 3972 1287 4032 diuerso

142 4059 237 4125 ‘usus
253 4074 292 4112 an
313 4057 385 4116 alius
406 4060 499 4117 scriba
520 4061 558 4119 illi
581 4073 673 4122 aetate
688 4064 746 4124 lere
761 4066 889 4142 aequalis
904 4068 1037 4129 adiecerit
1048 4066 1075 4129 ’ἶ
1119 4069 1210 4129 Hunc
1221 4090 1288 4130 cum

140 4152 258 4212 Datano
273 4154 302 4212 in
317 4155 445 4216 editione
460 4177 511 4218 sua
523 4169 600 4220 totos
614 4162 743 4222 exhibuit
758 4164 983 4241 Lachmannus;
1006 4170 1129 4230 collatus
1143 4182 1187 4229 est
1200 4172 1287 4229 etiam

139 4270 157 4310 a
173 4251 333 4310 Schwabio.

271 4367 278 4395 ¹
293 4366 422 4417 Schwabius
434 4387 456 4432 p.
469 4388 492 4421 x.
668 4372 750 4426 ¹-Ibid.
762 4393 783 4438 p.
797 4394 819 4426 x.
994 4381 1003 4410 ³
1021 4383 1079 4432 Ibid.
1091 4399 1113 4444 p.
1125 4384 1156 4432 xi.
