2872 5002
141 184 161 224 x
595 155 842 217 PRAEFATIO.

142 346 236 405 Plinio
250 363 285 405 ac
299 343 405 405 Boetio
420 342 584 420 scripserit?
605 342 691 403 Certe
701 343 829 403 eundem
840 360 957 402 uersum
971 360 1008 401 ex
1022 342 1129 402 wdem
1144 361 1235 422 sump

143 453 257 524 Caesio,
284 452 444 512 debuerant
470 449 564 510 isdem
591 451 688 509 uerbis
715 451 812 509 citare.
832 450 903 509 ·An
926 450 1079 509 Victorino
1108 452 1208 527 potius
1235 480 1238 503 ι

141 559 270 619 dendum
285 568 338 630 est,
353 577 421 618 cum
438 559 462 617 is
480 557 561 616 aliter
574 557 672 616 locum
686 556 833 616 tradiderit
848 575 883 616 ac
898 555 1055 616 Catulliani
1073 557 1215 617 codices?

140 665 220 724 enirn
234 683 340 724 omnes
353 665 461 724 habent
475 670 611 723 struma.
631 738 638 747 ⁹

183 774 210 829 6.
234 770 294 831 Cur
315 789 352 830 ex
375 769 579 843 Quintilianeis
603 787 693 829 unam
718 778 830 846 partem
858 767 1037 828 Behrensius
1064 770 1247 846 amplexus«

141 887 238 938 cetera
255 877 373 937 reiecit?
414 876 611 949 Quintilianus
631 877 710 935 enirn
732 875 802 950 legit
822 876 894 933 dum
915 878 1054 951 innupta
1079 884 1190 935 monet
1214 878 1250 936 da

141 985 318 1046 Behrensius
338 1003 376 1045 ex
398 983 503 1043 Catulli
525 983 677 1042 codicibus
697 984 767 1041 dum
788 985 919 1041 intacto
943 992 1050 1042 manet
1071 986 1168 1053 dum,·
1199 987 1254 1044 soli

140 1101 204 1152 tum
237 1091 343 1151 reiecit.
400 1089 546 1148 Nimirum
574 1087 770 1160 Quintilianus
805 1100 882 1149 recte
916 1090 995 1148 dum
1030 1092 1166 1161 seruauit,
1197 1101 1257 1151 cete

140 1197 283 1258 memoria
304 1196 403 1272 lapsus
424 1195 538 1254 errauit.
581 1194 671 1267 Quod
693 1195 765 1270 quid
787 1204 831 1254 est
854 1195 932 1254 aliud
954 1215 1044 1272 quam
1065 1197 1154 1256 fidem
1176 1198 1260 1257 deme

141 1302 332 1375 Quintiliano,
361 1299 513 1359 codicibus
540 1299 647 1359 addere
675 1297 801 1358 Catulli?
857 1301 954 1377 Atque
982 1303 1080 1376 ipsum
1112 1301 1184 1361 illud
1217 1304 1260 1362 du

140 1411 244 1487 legitur
258 1408 288 1466 in
303 1407 493 1478 Bononiensi,
509 1407 583 1465 utin
598 1407 750 1484 principali
762 1407 944 1466 Veronensis
957 1407 1060 1466 codice
1075 1426 1140 1467 esse
1158 1421 1265 1485 potuer

183 1530 209 1590 7.
232 1514 320 1573 Vnde
331 1513 506 1572 Behrensius
517 1513 684 1588 pronuntiat
698 1511 823 1571 Plinium
837 1512 904 1583 Qui
918 1520 994 1571 tunc
1009 1531 1099 1590 praue
1110 1525 1139 1574 et
1150 1533 1268 1575 mernor.

140 1622 265 1698 lapsum,
281 1617 307 1678 S
309 1622 325 1678 a·
336 1627 415 1677 sunt
430 1629 507 1677 recte
529 1619 699 1694 scripsisse?
741 1617 771 1676 Si
793 1619 823 1676 in
842 1619 939 1694 priore
958 1637 1044 1678 uersu
1065 1621 1179 1692 errauit,
1195 1639 1247 1679 cnr
1263 1621 1272 1679 i

139 1728 231 1787 altero
256 1726 337 1787 solus
365 1726 526 1786 audiendus
553 1726 617 1784 est?
659 1723 848 1784 Manifestum
876 1736 921 1784 est
949 1726 1054 1802 duplici
1079 1728 1168 1786 modo
1191 1745 1274 1786 uersu

140 1835 261 1894 traditos
288 1833 393 1893 fuisse:
430 1830 474 1891 Si
495 1838 639 1892 sunt...
650 1838 794 1907 possunt,
828 1829 870 1890 Si
898 1833 1040 1890 sint...
1050 1835 1188 1908 possint,
1224 1834 1275 1893 hin

140 1952 234 2001 ortam
250 1938 331 2017 quod
344 1939 454 1998 habent
471 1936 577 1998 Catulli
598 1939 716 1997 codices
741 1936 783 1997 Si
804 1940 892 1996 sint.
909 1982 916 1996 .
932 1947 1095 2014 possunt.
1142 1938 1181 1998 Et
1195 1950 1279 2016 potes

140 2047 260 2124 quidem
274 2061 376 2104 uerum
390 2061 454 2102 esse
467 2050 564 2102 sunl.
580 2088 587 2103 .
604 2088 611 2103 .
621 2052 774 2120 possunt:
798 2054 827 2102 at
841 2062 903 2102 non
917 2055 961 2104 est
980 2045 1056 2104 adeo
1077 2055 1158 2104 extra
1179 2045 1282 2104 dubita

139 2155 252 2214 tionem
274 2151 413 2229 positum,
436 2162 468 2210 ut
492 2152 689 2227 incorruptam
711 2161 835 2211 aetatem
857 2151 953 2210 solum
974 2170 1044 2228 prae
1064 2171 1097 2212 se
1120 2152 1201 2226 ferat,
1224 2156 1285 2211 sini

140 2307 148 2321 .
164 2307 170 2320 .
187 2260 337 2336 possint
349 2257 387 2317 ad
401 2258 592 2336 deprauatum
606 2269 727 2319 uocetur
740 2258 897 2334 exemplar.

180 2371 208 2426 8.
234 2364 453 2426 Cellr‘lerosae
472 2366 545 2425 uitio
565 2366 611 2425 bis
632 2366 771 2442 scriptum
791 2365 869 2441 apud
891 2364 1070 2425 Priscianum
1091 2383 1154 2424 non
1175 2376 1220 2425 est
1241 2384 1289 2426 cur

140 2473 240 2550 Capro
261 2471 396 2548 imputes.
438 2471 517 2530 Nam
538 2473 563 2530 is
584 2481 616 2530 ut
635 2489 753 2531 uersum
776 2471 806 2528 in
828 2487 888 2546 quo
910 2481 953 2529 est
974 2491 1035 2528 une
1052 2470 1223 2550 (XXXVII.
1243 2472 1291 2551 17)

140 2597 209 2639 cum
223 2585 362 2653 sequente
376 2577 406 2633 in
421 2593 480 2652 quo
494 2575 564 2636 alter
577 2578 730 2636 uocatiuus
745 2586 789 2635 est
792 2576 873 2653 sili,
884 2577 978 2653 potuit
989 2578 1167 2637 coniunctim
1179 2578 1292 2649 aliene,

140 2701 201 2761 quo
220 2682 334 2759 planius
354 2682 491 2757 probaret
509 2683 541 2742 id
561 2682 642 2760 quod
664 2684 837 2760 probaturus
858 2692 927 2753 erat,
941 2683 980 2740 ita
1002 2684 1097 2759 priore
1119 2684 1183 2742 solo
1205 2703 1293 2744 uersu

139 2790 181 2847 uti
203 2788 306 2866 potuit
352 2787 411 2847 Sed
435 2798 466 2847 ut
489 2789 593 2848 ambos
615 2789 751 2858 nouerit,
774 2788 881 2847 ideone
902 2789 1050 2864 putabitur
1070 2799 1121 2847 aut
1141 2789 1292 2850 Celtibe·

140 2912 240 2954 rosae
260 2902 310 2953 aut
331 2892 430 2953 Celtis
453 2913 585 2970 perose,
609 2913 660 2955 seu
685 2894 756 2971 quid
780 2894 859 2953 aliud
883 2894 962 2953 docti
988 2894 1123 2953 alucinati
1148 2906 1217 2954 sunt
1237 2915 1292 2974 pro

139 2999 373 3076 Cuniculosae
386 3000 511 3076 legisse?
556 2999 663 3060 Melius
677 3010 706 3061 et
720 2999 834 3059 Catullo
849 3010 878 3059 et
892 2999 990 3076 Capro
1006 3002 1095 3060 credo
1109 3003 1292 3063 consuluisse

140 3109 191 3185 qui
204 3107 347 3183 optimam
360 3106 515 3166 lectionem
529 3117 679 3167 seruamnt
695 3125 750 3166 nec
771 3116 872 3164 metro·
886 3117 1098 3183 repugnantem
1117 3124 1173 3166 nec
1189 3127 1292 3168 caren-

138 3224 200 3274 tem
228 3215 257 3272 ui
285 3231 347 3284 sna,
378 3212 560 3273 Celtr'bcrosae
585 3214 657 3273 illud
684 3213 733 3273 uel
761 3213 911 3272 Prisciano
937 3214 1081 3289 imputant
1105 3214 1153 3272 uel
1178 3215 1213 3274 iis
1242 3217 1292 3293 qui

139 3321 320 3381 Priscianum
334 3321 586 3397 transcripserunt.

180 3428 303 3489 Caetera
316 3445 393 3503 quae
412 3427 587 3487 Behrensius
608 3427 713 3504 allegat
730 3434 906 3503 suppernata,
924 3427 1004 3486 molli
1020 3427 1145 3498 rabidus,
1161 3429 1293 3505 zirpolente

137 3554 239 3606 amore,
254 3534 335 3593 albus
348 3552 387 3593 an
400 3540 469 3606 aler,
479 3535 600 3610 ploxem'
611 3535 714 3593 melius
729 3535 770 3593 sic
784 3533 842 3611 legi
861 3552 950 3610 quam
971 3534 1125 3610 quomodo
1139 3535 1169 3592 in
1185 3535 1292 3596 Catulli

139 3643 289 3701 codicibus
312 3651 420 3712 extant,
438 3642 503 3717 quis
521 3641 656 3717 negabit?
677 3641 731 3700 sed
756 3640 837 3717 quod
859 3640 1022 3716 corruptius
1043 3640 1147 3698 tradita
1169 3653 1238 3700 sunt
1261 3645 1292 3702 in

139 3746 244 3806 Catulli
265 3747 423 3819 codicibus,
437 3747 495 3806 hoc
516 3747 548 3804 tit
568 3746 649 3822 quod
671 3764 706 3805 ex
730 3763 791 3805 uno
812 3764 917 3806 omnes
933 3746 1013 3805 fonte
1035 3748 1220 3823 proueniunt,
1240 3751 1291 3824 qui

138 3851 227 3910 medii
243 3854 307 3911 aeui
328 3854 490 3912 barbariem
510 3853 691 3912 multimodis
710 3863 847 3928 expertus
866 3853 910 3912 sit
950 3852 1000 3910 An
1021 3871 1090 3911 uere
1112 3852 1291 3913 Behrensius

139 3959 195 4016 sibi
216 3958 401 4034 persuadebit
418 3961 556 4020 omissam
574 3960 804 4035 geminationem
826 3961 1054 4018 consonantium
1075 3961 1113 4018 ad
1134 3960 1291 4020 archaismi

139 4064 297 4136 studiosos,
308 4082 369 4124 non
383 4066 421 4125 ad
432 4068 591 4126 scribarum
605 4067 749 4125 inscitiam
763 4066 947 4125 referendum
962 4069 1047 4126 esse?
1089 4066 1168 4125 Nihil
1183 4068 1290 4144 opinor
