2872 5002
468 305 526 364 AD
547 304 688 365 LXVIII.
713 322 821 381 27-30.
1160 305 1221 361 337

66 467 177 527 Petauii
199 467 383 546 Vranologio
406 487 435 545 p.
454 468 523 545 134)
546 475 561 525 ri
583 473 630 541 μὲν
651 471 735 544 ἀστὴρ
758 473 799 527 καὶ
820 469 927 542 ἄστρον·
947 469 1032 525 οὐκέτι
1054 468 1084 524 δὲ
1106 470 1137 525 τὸ
1158 469 1220 524 ἀνά-

63 571 151 625 παλιν.
181 566 263 623 Ὅταν
274 568 360 639 μέντοι
373 571 388 623 ὁ
403 572 571 642 Καλλίμαχος

465 694 526 765 πρὶν
546 692 637 763 ἀστέρι
658 695 694 767 τῷ
715 690 854 765 Βερενίκης,

64 811 107 866 r'rrl
128 816 173 866 τοῦ
193 815 327 883 πλοκάμαυ
352 815 436 885 φησὶν
458 813 486 872 ὃς
510 816 540 883 ἒξ
565 815 629 870 ἕπτα
651 817 804 887 καταφανῶν
825 812 963 886 σύγκειται
1007 815 1103 867 Τοῦτον
1126 812 1155 866 δὲ
1175 813 1221 866 τὸν

63 911 198 978 πλόκαμον
211 912 256 965 οὐκ
270 907 337 966 οἶδεν
345 908 466 983 Ἀρατοτ·
487 911 649 984 παρττὴρηστ
663 913 691 966 δὲ
706 915 794 966 Κόνων
807 915 822 966 ὁ
835 911 1014 982 μαθηματικός.

108 1029 193 1088 Corn.
209 1032 245 1088 82

136 1151 226 1223 Quin
247 1150 370 1230 (Quam
392 1150 493 1229 codd.)
513 1153 663 1212 iocunda
683 1151 766 1211 milri
787 1168 927 1211 munera
946 1149 1030 1209 libet
1051 1166 1151 1225 onyx.

107 1272 234 1331 Versum
248 1273 460 1333 Valckenarius
473 1274 531 1332 huc
546 1275 669 1332 retraxit.

108 1370 165 1429 His
185 1389 276 1430 unum
290 1372 352 1447 ipse
368 1371 471 1430 adici0.
514 1370 618 1430 Suidas
633 1374 714 1441 Φόβη·
735 1373 807 1442 κόμη,
823 1368 889 1445 θρίξ.
921 1370 1005 1426 'oure
1019 1365 1105 1446 (ὅστις
1118 1360 1220 1440 codd.)

65 1470 154 1538 φόβῃς
168 1470 332 1538 ξανθοτάταις
345 1472 431 1541 ἐκόμα,

65 1606 142 1663 quae
156 1590 246 1647 uerba
259 1609 327 1648 cum
342 1589 511 1649 Catullianis
524 1592 586 1650 istis

109 1709 193 1768 Com.
212 1713 249 1767 62

351 1792 506 1852 Deuotae
527 1791 610 1850 flaui
631 1792 771 1851 uerticis
792 1791 937 1850 exuuiae

66 1928 129 1970 non
144 1913 240 1990 Inepte
254 1914 448 1975 coniunxeris.
490 1913 686 1974 Praecedebat
700 1913 822 1973 sortasse
836 1917 994 1988 Βόστρυχον.

392 2135 633 2197 ADDENDVM
654 2138 692 2197 ad
713 2136 824 2196 LXVI.
843 2152 888 2210 15.

110 2268 158 2327 Sic
172 2268 308 2328 emendat
323 2268 433 2328 Munro
449 2289 478 2347 p.
497 2272 554 2344 156

150 2391 255 2451 Estne
275 2394 375 2453 nouis
396 2394 512 2471 nuptis
533 2394 615 2453 odio
636 2393 774 2453 Venus?
801 2411 844 2452 an
865 2391 957 2469 quod
978 2399 1138 2450 auentum

68 2514 236 2581 comparato
252 2525 287 2581 31
305 2523 347 2565 an
361 2506 453 2584 quod
466 2515 627 2566 amantes.
650 2506 726 2564 Mox
740 2507 770 2564 in
782 2518 819 2580 77
832 2505 930 2565 relicta
944 2504 1039 2582 prlore
1051 2503 1219 2562 coniectura

69 2603 255 2660 scribendum
277 2613 377 2662 censet
397 2603 557 2661 omnibus
577 2603 722 2680 explens
736 2601 931 2678 Vnguentis
946 2619 977 2660 se
996 2618 1063 2659 una
1076 2597 1124 2660 uel
1138 2595 1221 2675 quod

69 2700 223 2774 scripserat
237 2700 415 2776 Doeringius
430 2700 590 2759 omnibus
605 2700 748 2777 explens
763 2718 794 2761 se
808 2699 1002 2776 unguentis.

392 2941 631 3000 ADDENDVM
653 2942 691 3001 ad
712 2940 837 3000 LXVII.
856 2961 900 3001 ra.

112 3069 160 3128 Sic
175 3071 314 3130 emendat
329 3071 439 3131 Munro
454 3092 481 3149 p.
503 3077 558 3147 158

272 3193 397 3254 Verum
419 3207 495 3256 astu
515 3196 634 3273 populi
656 3197 758 3255 ianua
779 3197 906 3275 quippe
927 3196 1017 3257 facit.

349 3464 589 3524 ADDENDVM
610 3466 649 3525 ad
669 3466 810 3526 LXVIII.
829 3480 939 3543 27-30.

112 3629 202 3687 Hunc
216 3628 315 3688 locum
330 3632 371 3690 sic
387 3633 534 3691 constituit
548 3632 658 3693 Munro
672 3654 702 3712 p.
720 3635 775 3709 1⁶7

153 3758 265 3829 Quare
287 3761 381 3836 quod
402 3762 524 3821 scribis
546 3762 706 3822 Veronae
728 3773 833 3841 turpe,
850 3762 992 3835 Catulle,

192 3856 286 3927 Esse,
308 3857 401 3934 quod
421 3858 474 3916 hic
496 3859 655 3936 quisquis
677 3859 718 3918 de
737 3860 880 3919 meliore
901 3870 1026 3933 notast,

153 3953 292 4030 Frigida
312 3955 451 4014 deserto
473 3956 643 4033 tepefecit
664 3959 816 4017 membra
837 3957 948 4030 cubili,

193 4051 242 4123 Id,
264 4052 380 4125 Manli,
402 4071 471 4112 non
493 4064 544 4113 est
565 4064 670 4131 turpe,
693 4056 802 4131 magis
823 4055 985 4114 miserum
1006 4063 1065 4113 est.

69 4183 150 4233 ratus
163 4173 217 4233 hic
232 4175 350 4235 deloco
365 4177 421 4236 dici
435 4177 515 4236 unde
529 4178 659 4236 Manlius
674 4178 826 4254 epistulam
845 4178 998 4254 scripserit,
1013 4177 1110 4236 locum
1126 4187 1224 4237 autem

68 4271 162 4331 fuisse
177 4270 262 4332 Baias
270 4293 279 4347 ;
302 4275 383 4351 quod
398 4275 476 4334 idern
490 4285 558 4334 ante
573 4276 752 4334 Munronem
773 4276 938 4334 coniecerat
951 4294 1127 4352 mecumque
1142 4293 1224 4335 com·

70 4369 233 4429 municarat
256 4370 289 4430 B.
304 4371 419 4450 Jowett,
445 4391 614 4451 quanquam
642 4391 759 4432 uersum
790 4392 828 4449 29
857 4373 940 4433 aliter
964 4375 1167 4451 interpretatus
1188 4375 1226 4436 de

640 4491 656 4529 z
