2872 5002
142 339 201 394 350
603 331 828 395 EXCVRSVS.

139 497 322 574 grammatici
335 495 444 572 duplici
462 495 554 554 modo
575 497 606 555 id
626 499 787 557 scriberent
806 515 900 574 eaque
920 498 1061 558 discretio
1083 519 1103 559 a
1123 500 1229 560 multis
1248 519 1300 562 uec

140 606 240 653 tamen
253 604 421 654 constanter
435 604 605 653 seruaretur.
646 595 712 653 Iam
735 593 863 655 Catullus
884 595 957 654 dum
977 597 1007 654 id
1028 599 1061 656 in
1083 598 1300 673 significatione

140 692 257 750 oleudi
277 692 339 750 uult
358 709 478 767 ponere,
500 702 549 750 aut
570 710 629 750 uua
650 691 745 751 forma
766 692 919 768 flagrans
939 712 1012 753 usus
1032 704 1089 767 est,
1108 696 1204 754 altera
1225 697 1300 755 enirn

140 790 274 848 nondum
288 791 413 860 extabat,
428 800 478 848 aut
491 791 515 848 si
530 790 606 848 duae
628 791 864 866 suppeditabant,
885 790 1040 866 flagrans
1060 793 1214 869 praetulit,
1227 794 1300 852 utin

140 905 200 964 quo
215 889 341 964 priorem
362 907 380 946 a
401 888 512 948 facilius
532 907 621 964 quam
643 889 674 946 in
694 888 849 964 fraglaus
869 889 976 965 corripi
997 908 1088 966 posse
1110 892 1298 967 intellegeret

140 985 226 1044 Vnde
241 986 393 1062 flagrans
406 985 498 1064 vta,
510 985 726 1062 Flagrautem
737 985 879 1045 LXVIII.
894 1005 951 1059 144
965 989 1081 1060 retinui,
1090 1007 1131 1048 ne
1145 988 1298 1067 fraglans

139 1083 259 1160 quidem
284 1102 338 1142 nec
361 1082 579 1158 Fraglantem
604 1100 693 1141 ausus
713 1084 860 1154 inducere,
881 1101 949 1142 cum
970 1083 1045 1143 haec
1067 1104 1086 1143 a
1108 1105 1232 1164 semper
1251 1097 1299 1146 aut

140 1183 284 1258 producta
298 1193 348 1240 aut
363 1184 473 1241 incerta
487 1182 606 1256 legatur.

181 1276 280 1360 [Haec
294 1281 368 1339 sicut
382 1279 413 1337 in
431 1279 478 1337 ed.
493 1281 589 1355 priore
610 1280 716 1356 scripta
735 1290 803 1337 sunt
824 1280 937 1350 retinui,
951 1297 1014 1338 non
1033 1282 1105 1357 quia
1127 1285 1295 1343 nesciebam

139 1394 228 1453 posse
249 1377 341 1436 afferri
363 1376 445 1454 quod
466 1386 567 1435 contra
588 1395 685 1435 meam
706 1377 880 1436 senteutiam
902 1386 989 1445 esset,
1007 1377 1061 1436 sed
1082 1379 1217 1439 incertus
1238 1400 1295 1459 quo

139 1477 237 1552 potius
257 1476 435 1536 iuclinarem.
478 1474 557 1533 Nam
575 1474 724 1534 Lucianus
739 1474 898 1534 Muellerus
912 1472 1067 1553 (Fleckeis
1085 1479 1170 1538 Anu.
1184 1478 1295 1540 XCIII.

141 1572 212 1650 386)
228 1574 320 1633 allatis
335 1573 553 1633 Glossariomm
567 1572 661 1631 isdem
681 1573 754 1632 locis
768 1590 844 1648 quos
861 1573 925 1648 ipse
939 1573 971 1631 iu
984 1572 1154 1634 Bodleiatno
1175 1581 1293 1654 repperi,

139 1672 289 1747 fraglare
310 1682 410 1730 censet
424 1691 441 1729 a
455 1671 540 1747 plebe
554 1670 665 1730 dictum
686 1671 775 1729 fuisse
796 1670 889 1728 modo
910 1688 963 1746 pro
985 1671 1137 1747 flagrare
1155 1675 1293 1749 quemad·

140 1770 261 1826 modum
290 1769 481 1845 displicina
504 1787 559 1844 pro
587 1768 780 1844 disciplina,
804 1768 993 1845 lapidicina
1021 1787 1077 1845 pro
1105 1769 1293 1846 lapicidina

140 1866 418 1945 (Corssen1.376‚
442 1864 514 1943 545)
543 1866 634 1924 modo
661 1884 716 1942 pro
741 1866 902 1941 fragrare,
922 1867 1181 1942 quemadmodum
1202 1888 1292 1945 peres

141 1983 195 2042 pro
220 1966 327 2040 pedes
357 1964 499 2022 dicebant.
542 1964 633 2035 Quod
656 1965 681 2022 si
703 1982 805 2023 uemm
827 1974 880 2035 est,
908 1981 969 2021 nou
995 1965 1086 2022 uideo
1112 1983 1168 2024 cur
1189 1969 1291 2026 totiens

140 2063 252 2139 legatur
266 2064 297 2121 iu
312 2064 428 2138 optimis
446 2063 596 2121 codicibus
603 2064 745 2138 froglore
755 2083 766 2121 .·
788 2079 857 2120 nam
871 2060 916 2120 his
933 2062 1120 2137 potissimum
1143 2064 1292 2140 orthogra-

141 2161 209 2238 phia
222 2162 328 2219 nititur.
364 2161 461 2218 Aliam
476 2162 554 2219 uiam
569 2161 719 2236 ingressus
732 2172 776 2218 est
793 2158 988 2217 Buechelerus
1003 2158 1202 2236 (Fleckeisen.
1217 2163 1291 2221 Anu.

144 2262 219 2334 1872
250 2277 278 2335 p.
307 2256 388 2335 112),
413 2259 459 2316 cui
487 2259 612 2334 primum
641 2270 685 2318 est
712 2255 872 2333 fragrare,
900 2257 982 2332 quod
1010 2258 1145 2316 exalandi
1176 2279 1292 2319 sensum

141 2357 292 2415 habuerit:
314 2357 382 2416 hinc
397 2375 433 2414 ex
448 2356 559 2431 uulgari
574 2374 629 2414 usu
644 2355 781 2431 loquendi
802 2353 964 2412 deriuatum
980 2351 1026 2433 (ι)
1041 2355 1201 2432 fraglare,
1217 2359 1293 2434 quod

140 2457 172 2513 iu
186 2455 335 2513 codicibus
356 2456 534 2530 saepissime,
549 2455 580 2511 in
594 2452 743 2529 glossariis
762 2461 927 2511 constanter
941 2452 1044 2511 saltem
1061 2464 1130 2529 post
1146 2457 1292 2514 saeculum

141 2564 276 2628 quartum
311 2553 471 2611 inueniatur
504 2549 555 2630 (2)
583 2551 735 2627 flagrare
764 2551 844 2627 quod
875 2550 975 2608 rarius.
1035 2550 1095 2609 Sed
1136 2565 1292 2630 postquam

141 2650 290 2726 fragrare
312 2651 342 2708 in
364 2649 511 2726 flagrare
533 2660 702 2725 corruptum
724 2648 802 2707 idem
817 2658 846 2705 et
859 2646 936 2706 olere
951 2657 979 2705 et
993 2648 1036 2705 uri
1054 2659 1183 2720 sonaret,
1198 2669 1293 2709 rursus

141 2748 286 2823 flagrare
301 2748 364 2807 h.e.
379 2749 422 2805 uri
443 2749 472 2804 in
494 2746 650 2823 fraglare,
671 2756 757 2821 atque
779 2748 865 2805 etiam
885 2747 915 2802 in
937 2746 1087 2822 fragrare
1110 2748 1292 2807 immutatum

141 2841 252 2925 fuisse]

461 3077 617 3152 Pipilare,
640 3074 804 3152 pIpulare,
825 3076 966 3151 pipiare.

141 3198 262 3256 Variant
278 3197 428 3256 Glossaria
443 3200 515 3257 inter
530 3200 668 3274 pipiare‚
684 3199 838 3275 pipilare,
855 3197 1017 3273 pipulare.
1044 3196 1142 3256 Gloss.
1160 3218 1206 3275 ap.
1224 3199 1293 3257 Mai.

139 3297 223 3354 Auct.
242 3294 334 3353 Class.
346 3294 431 3352 VIII.
445 3310 502 3367 472
519 3295 624 3371 Pipi(t
633 3294 829 3373 cod.)uncula
840 3297 976 3370 accipitur
986 3315 1004 3350 a
1015 3297 1174 3369 pr'prirnd0¹.
1197 3297 1294 3356 Gloss.

140 3395 371 3470 Amplonianum
386 3413 414 3469 p.
432 3396 499 3468 362.
514 3413 542 3451 n.
561 3397 618 3464 248
634 3395 754 3470 pipant
775 3401 906 3450 resonant
917 3394 965 3450 ubi
985 3393 1207 3453 Hildebrandus
1230 3414 1292 3454 cor·

140 3495 212 3551 rexit
234 3494 376 3569 pipiant.
418 3493 544 3552 Glossae
564 3492 671 3550 Isidori
693 3492 839 3568 pipilare
861 3509 998 3549 resonare.
1042 3490 1140 3549 Gloss.
1159 3512 1207 3569 ap.
1224 3493 1293 3551 Mai.

140 3593 225 3649 Auct.
241 3591 332 3650 Class.
345 3592 431 3650 VIII.
445 3595 503 3667 483
519 3591 661 3667 pilulare
677 3590 753 3667 (lege
769 3588 936 3667 pipulare)
950 3608 1086 3648 resonare.
1109 3590 1146 3647 Et
1162 3593 1294 3666 pipiare

140 3691 258 3766 quidem
273 3691 319 3747 uel
334 3691 380 3766 pli
386 3693 479 3765 piare
493 3689 540 3747 uel
555 3691 587 3765 pi
593 3689 685 3765 plere
701 3689 871 3765 accipitrum
886 3688 1034 3764 proprium
1052 3686 1141 3746 fuisse
1156 3689 1292 3759 uidetur;

140 3788 206 3845 uide
227 3788 308 3845 locos
329 3798 486 3862 congestos
500 3805 518 3844 a
533 3785 782 3861 Reyfferscheidio
797 3786 834 3843 ad
854 3785 973 3842 Suetou.
989 3785 1025 3843 de
1047 3784 1159 3843 Natura
1182 3786 1292 3845 Rerum

144 3889 239 3956 248-2
245 3902 292 3958 52,
307 3887 345 3942 ib.
362 3887 513 3960 308-311,
529 3902 696 3961 quanquam
712 3884 749 3942 de
770 3884 883 3961 ploratu
905 3881 1058 3940 hominum
1076 3882 1123 3939 uel
1138 3883 1292 3942 infantium

140 3995 309 4059 usurpatum
337 3993 381 4040 est
406 3999 423 4038 a
448 3981 629 4038 Tertulliano
657 3983 724 4040 adu.
752 3981 899 4040 Valentiu.
928 3979 996 4037 XV.
1029 3979 1164 4039 Caelestes
1193 3983 1294 4038 rirrbres

140 4081 284 4157 pipiauit
319 4077 482 4134 Achamoth.
539 4078 582 4136 Id.
619 4080 812 4155 Monogamia
843 4078 917 4136 XVI
945 4077 1076 4153 Irffantes
1111 4079 1293 4155 pipiantes.

140 4178 262 4254 Pipare
282 4194 353 4234 uero
375 4193 543 4252 quanquam
564 4179 693 4253 accipitri
715 4179 846 4237 tribuitur
861 4178 890 4234 iu
912 4176 1051 4235 Carmine
1073 4177 1110 4236 de
1132 4177 1292 4236 Philomela

143 4293 189 4346 24,
212 4285 240 4333 et
261 4275 298 4332 ab
320 4274 476 4332 Aldhelmo
498 4274 534 4333 de
557 4295 587 4335 re
611 4276 809 4335 Grammatica
832 4274 914 4354 (Mai.
936 4276 1022 4332 Auct.
1044 4273 1138 4333 Class.
1161 4274 1198 4333 V.
1221 4275 1291 4353 569)

172 4444 181 4474 ¹
198 4445 294 4508 Corrige
306 4446 422 4506 accipiter.
453 4447 527 4498 Gloss.
540 4448 607 4498 Bodl.
620 4452 690 4497 Auct.
703 4448 733 4497 T.
746 4448 775 4495 11.
790 4461 820 4509 24
828 4446 972 4508 pipiancrtus
982 4446 1090 4509 uesper
1100 4447 1138 4495 uel
1149 4455 1260 4510 acceptor.
