2872 5002
440 365 687 431 CARMEN
720 366 868 432 XXVII.

572 686 720 750 XXVII.

250 864 439 928 MINISTER
462 865 563 929 uetuli
586 886 667 947 puer
690 864 819 930 Falerni

294 975 397 1058 Inger
417 976 462 1038 mi
485 977 601 1040 calices
623 977 809 1053 amariores

250 1085 300 1148 Vt
322 1085 377 1148 lex
401 1086 590 1150 Postumiae
607 1087 699 1150 iubet
722 1088 898 1169 magistrae

293 1195 435 1260 Ebriosa
457 1199 551 1261 acina
574 1197 768 1262 ebriosioris

250 1339 302 1405 At
319 1362 379 1406 uos
400 1363 463 1424 quo
485 1342 577 1407 lubet
598 1343 675 1406 hinc
697 1344 797 1420 abite,
819 1341 985 1425 lymphae,
1211 1366 1227 1418 3

250 1452 328 1515 Vini
350 1455 517 1536 pernicies,
537 1463 571 1519 et
592 1455 637 1518 ad
658 1475 791 1517 seueros

254 1562 408 1646 Migrate.
454 1566 521 1629 Hic
545 1586 653 1629 merus
676 1574 727 1630 est
748 1565 973 1646 Thyonianus.

115 1789 170 1837 1-4.
209 1772 243 1825 A.
256 1772 358 1825 Gellius
370 1771 405 1827 N.
418 1775 451 1827 Α.
465 1774 514 1828 VI.
529 1792 571 1828 uo.
608 1775 730 1827 Catullus
742 1789 852 1843 quoque
862 1773 1074 1840 elegantissimus
1087 1778 1230 1841 poetarum

80 1841 192 1896 inbisce
202 1842 326 1895 uersibus
339 1843 689 1898 ‘Minister—ebriosioris’
703 1861 766 1899 cum
780 1845 872 1897 dicere
889 1844 997 1897 ebrioso
1014 1844 1128 1914 (ebriosi
1144 1844 1230 1914 codd.)

80 1918 170 1981 posset
188 1917 219 1965 et
237 1913 311 1980 quod
335 1921 394 1967 erat
418 1916 542 1968 ruitatius
560 1917 668 1969 acinum
687 1917 714 1968 in
733 1921 832 1968 neutro
849 1930 951 1982 genere
975 1915 1117 1983 appellare,
1136 1931 1231 1968 amans

81 1989 171 2036 umen
186 1981 276 2035 hiatus
288 1983 355 2037 illius
367 1985 510 2039 Homerici
523 1988 694 2051 suauitatem,
706 1985 841 2039 ebriosam
853 1985 922 2036 dixit
940 1993 1051 2052 propter
1063 1985 1231 2053 insequentis

81 2069 96 2106 a
112 2053 222 2106 litterae
235 2062 400 2107 concentum
412 2055 585 2124 (exemptum
597 2060 678 2125 aliqui
689 2054 781 2123 codd).
818 2056 873 2124 Qri
886 2055 976 2108 ebrios
988 2061 1080 2108 autem
1091 2056 1229 2109 Catullum

81 2123 178 2176 dixisse
197 2130 295 2191 putant
312 2131 359 2178 aut
377 2126 508 2192 ebriosos,
521 2144 583 2180 nam
600 2128 627 2179 id
640 2141 750 2195 quoque
767 2132 874 2178 temere
891 2126 1023 2193 scriptum
1042 2127 1188 2192 inuenitur,
1202 2128 1230 2179 in

80 2193 162 2248 libros
174 2194 280 2248 scilicet
291 2195 326 2247 de
337 2198 473 2265 corruptis
484 2197 682 2266 exemplaribus
694 2197 782 2249 factos
794 2195 957 2250 inciderunt
984 2195 1059 2266 (Vide
1070 2196 1230 2268 excursum.)

115 2429 159 2485 nd
172 2429 335 2483 Pincernam
349 2429 509 2499 (Picemam
522 2427 560 2499 L)
571 2443 647 2481 suum
662 2426 942 2483 ABDGHLLa¹La²a
1020 2427 1063 2480 nd
1078 2427 1191 2482 Furium
1203 2429 1230 2484 h.

82 2503 198 2572 Spatium
211 2502 284 2553 unius
297 2521 382 2554 uersus
395 2504 421 2554 in
435 2501 463 2565 V,
476 2501 576 2553 nullum
588 2502 615 2552 in
627 2500 658 2567 O,
671 2502 716 2554 sed
720 2524 742 2543 ε
744 2504 829 2570 primo
839 2502 925 2555 uersui
932 2499 1075 2569 praefixum
1088 2499 1171 2551 habet.

119 2589 144 2625 1.
183 2569 478 2642 VinilerPhillippensis

118 2659 144 2696 a.
180 2641 277 2707 lugere
294 2643 383 2695 codices
392 2640 567 2711 praeterBet
582 2641 784 2710 Phillippensem,
798 2642 888 2695 codices
901 2640 1013 2709 plerique
1026 2637 1093 2692 Gelli
1166 2637 1231 2691 lun·

82 2728 147 2780 gere
156 2712 181 2765 B
189 2711 367 2781 Phillippensis
406 2712 489 2778 Inger
499 2711 564 2765 Gelli
571 2711 623 2763 cod.
633 2712 868 2781 Rottendorpianus,
877 2712 927 2764 cod.
936 2712 1073 2764 Parisinus
1082 2727 1148 2761 saec.
1157 2710 1188 2760 X
1187 2711 1234 2761 ΙΙΙ

82 2804 125 2837 sex
132 2785 251 2852 priorum
264 2783 389 2836 librorum
402 2783 510 2836 collatus
522 2802 540 2834 a
553 2781 722 2847 Markhemio,
734 2785 771 2835 ed.
783 2784 846 2852 Reg.
862 2786 926 2845 1481
1000 2779 1082 2845 Inger
1091 2777 1232 2848 slnupnaou

85 2855 168 2907 Gloss.
181 2852 264 2905 Labb.
273 2864 300 2922 p.
314 2870 346 2918 93
361 2850 510 2922 Εἲσκρασον
523 2852 599 2917 inger
607 2853 688 2921 gloss.
702 2853 789 2920 Cyriil.
798 2865 826 2922 p.
840 2870 872 2918 59
909 2853 977 2904 Puri
993 2850 1064 2903 modo
1076 2863 1178 2915 conger
1190 2849 1232 2905 uel

83 2939 167 2990 coger
177 2924 271 2976 unisse
282 2926 380 2978 uidetur
392 2923 529 2976 Martialis
543 2922 568 2972 V
564 2924 614 2973 111.
629 2942 672 2986 44.
683 2941 708 2987 9,
720 2924 846 2976 allatura
856 2924 889 2975 L.
902 2921 1027 2974 Muelleru
1035 2921 1065 2972 de
1075 2921 1113 2971 Re
1121 2921 1232 2975 Metrica

77 3006 106 3064 p.
120 3010 189 3058 4093
208 2995 241 3060 ff.
250 2993 329 3047 biber
336 3007 385 3064 pro
396 2993 491 3045 bibere
502 2994 573 3062 apud
582 2992 730 3047 Charinum
746 3011 793 3057 ¹²4
808 2994 840 3046 K.
852 3007 915 3045 curn
929 2992 999 3044 alter
1007 3003 1056 3060 pro
1068 3005 1131 3043 cum
1145 2992 1233 3044 altero

82 3065 153 3135 apud
160 3066 261 3117 Festum
267 3076 295 3133 p.
307 3082 340 3129 50
350 3063 391 3115 M.
394 3067 515 3130 fortasse
525 3066 602 3116 etiam
616 3064 766 3133 inalterpro
779 3064 894 3117 inaltero
903 3067 1005 3116 Petron.
1016 3062 1042 3113 S.
1054 3078 1096 3126 99.
1134 3061 1233 3128 lugere

83 3134 111 3187 in
118 3136 157 3189 ed.
169 3151 216 3200 147
222 3151 235 3197 3
275 3135 372 3199 ingere
380 3134 417 3185 mi
427 3135 556 3187 Auuntius
566 3134 663 3187 Statius
671 3146 699 3187 ur
707 3134 798 3200 ingere
806 3136 942 3203 spondaeus
950 3133 1046 3186 solutus
1054 3142 1126 3185 esset.
1146 3133 1233 3199 lunge

83 3206 202 3259 Heinsius
219 3224 251 3257 ex
268 3205 320 3257 cad.
339 3205 516 3269 Cantuarensi
529 3205 562 3268 cf.
575 3205 642 3259 Stat.
655 3207 682 3257 S.
695 3207 717 3257 l.
732 3221 756 3270 5,
772 3221 803 3257 ro
910 3203 987 3257 lnler
1005 3202 1081 3257 Alex.
1101 3204 1232 3257 Guarinus

83 3314 248 3379 amariorem
261 3314 290 3365 H
357 3313 507 3367 amoriores
519 3311 579 3367 Led.

123 3401 146 3449 3.
165 3391 229 3452 post
242 3383 332 3438 humie
346 3384 425 3438 La¹V
499 3385 670 3453 posthumiae
679 3383 709 3453 (e
721 3383 780 3453 CG)
790 3385 895 3450 CGbad,
906 3386 980 3439 codex
989 3387 1127 3438 Parisinus
1137 3383 1234 3436 Gelliet

84 3455 266 3509 lincolniensis
383 3456 520 3523 postumie
545 3455 576 3520 O,
599 3456 668 3508 Gelli
692 3457 743 3508 cod.
767 3457 923 3510 Clarkianus
943 3457 1009 3520 ΧΧ,
1030 3457 1126 3524 Septem
1151 3454 1235 3505 Musei

85 3527 239 3593 Britannici,
252 3527 433 3580 Lachmannus
504 3525 580 3577 iuuet
595 3527 662 3579 Gelli
674 3527 724 3579 rod.
738 3528 883 3580 Parisinus.

123 3617 148 3660 4.
182 3597 310 3651 ebriosae
325 3599 365 3663 (e)
378 3597 468 3650 codices
486 3615 568 3649 omnes
585 3608 610 3648 et
625 3599 715 3649 codices
730 3597 796 3649 Gelli
867 3596 944 3649 aeine
957 3596 1024 3648 Aca
1034 3595 1084 3647 cod.
1098 3594 1235 3645 Parisinus

88 3668 157 3721 Gelli
250 3667 320 3720 acini
345 3686 358 3719 c
427 3670 504 3720 acino
532 3678 596 3730 cetu,
616 3668 728 3736 plerique
751 3669 843 3720 codices
869 3667 936 3720 Gelli
1034 3662 1235 3715 ebriosioresb

87 3737 204 3791 Ebriosa
217 3739 299 3790 acina
316 3739 469 3791 Parthenius
488 3739 565 3805 uulgo
582 3747 607 3788 et
626 3738 732 3789 Luchm.
786 3738 900 3788 Ebriosa
916 3737 995 3789 acino
1011 3736 1088 3786 Alex.
1103 3735 1235 3786 Guarinus

86 3810 205 3863 Muretus
222 3810 318 3862 Statius
332 3809 384 3860 ‘Er
400 3811 537 3861 notandum
557 3807 686 3862 Catullum
703 3809 820 3859 Acinum
829 3809 971 3874 foeminino
985 3824 1077 3874 genere
1090 3803 1235 3872 protulisse,

85 3880 159 3933 ‘curn
171 3880 240 3932 alias
252 3882 335 3932 neutri
349 3879 398 3931 sit’
414 3880 489 3931 Alex.
504 3880 634 3932 Guarinus
646 3879 734 3931 allata
749 3881 846 3930 ratione
856 3898 888 3930 ex
903 3878 983 3930 Gellio
1055 3874 1139 3926 Ebria
1157 3873 1236 3925 acina

86 3951 214 4020 Hauptius
227 3948 297 4017 (uide
307 3947 465 4016 excursum).
719 4001 721 4005 ,

124 4037 148 4086 5.
185 4020 283 4072 Adoh
362 4020 459 4071 nutu
528 4018 602 4086 quod
617 4018 691 4069 iubet
707 4019 775 4072 codd.
847 4032 903 4085 quo
916 4016 992 4070 iubet
1005 4015 1051 4067 Al.
1066 4015 1197 4067 Guarinus
1209 4014 1237 4065 in

88 4093 265 4144 commentaria
347 4105 403 4155 quo
416 4088 491 4141 lubet
505 4088 577 4158 Calp.
594 4092 658 4152 1481
674 4090 750 4158 uulgo
761 4101 786 4142 et
798 4089 905 4140 Lachm.
944 4088 1012 4139 Idem
1021 4105 1096 4138 error
1107 4087 1133 4136 in
1143 4084 1236 4137 duobus

88 4162 208 4214 codicibus
220 4162 312 4214 Plauti
323 4160 383 4212 ml.
398 4160 470 4212 Glor.
483 4160 527 4212 IV.
543 4177 566 4212 1.
581 4164 623 4225 28,
636 4160 643 4187 ‘
655 4161 729 4228 Quin
748 4165 780 4212 tu
798 4159 870 4211 illam
889 4157 952 4212 iube
970 4156 1020 4209 abs
1038 4161 1067 4210 te
1085 4155 1162 4208 abire
1180 4167 1237 4223 quo

88 4231 198 4284 ‘lubet'
234 4230 336 4299 limphe
349 4229 445 4284 cooa.

123 4315 149 4364 7.
185 4316 263 4354 meus
290 4301 363 4354 Acl.
485 4299 641 4354 thioniunus
660 4295 920 4354 accurta’os'hu
1040 4295 1197 4350 thiomanus
1218 4313 1236 4348 a

88 4371 265 4427 echionlanur
278 4371 306 4423 li
375 4371 537 4426 antonianus
550 4372 610 4426 AL.
