2872 5002
696 357 910 419 EXCVRSVS

541 545 780 606 nunuunvrr
812 548 850 606 aa
880 546 959 606 uxr.
986 546 1062 625 (99.)

560 671 668 731 Proca
689 670 801 749 turpia
822 689 1041 749 persequens.

266 794 356 867 Quod
371 794 401 852 in
416 794 605 854 adnotatione
620 795 657 854 ad
672 793 750 853 hunc
764 795 863 852 locum
885 794 1046 871 suspicatus
1068 812 1136 852 surn
1157 793 1218 853 huc
1239 797 1378 872 pertinere

226 892 323 952 Gloss.
350 891 420 951 Ball.
471 892 618 967 Progom
642 893 931 969 uituperationem
956 893 986 950 id
1011 891 1218 950 confirmatum
1244 894 1325 953 duco
1346 913 1379 953 ex

224 990 292 1049 loco
307 990 447 1048 Varronis
462 989 498 1049 de
513 990 628 1066 Lingua
649 989 754 1048 Latina
768 989 841 1047 VII.
858 993 897 1047 80
912 989 962 1047 ubi
981 1007 1036 1065 pro
1058 1007 1095 1048 eo
1117 990 1201 1066 quod
1223 989 1379 1050 Muellerus

224 1087 304 1146 dedit
338 1106 479 1164 procare
513 1088 573 1147 duo
608 1088 726 1147 codices
757 1087 865 1146 habent
898 1104 1054 1164 progare,
1086 1097 1145 1146 tres
1182 1105 1378 1165 prorogare.

225 1184 315 1258 Quod
340 1187 433 1263 potuit
455 1204 525 1245 sane
548 1205 566 1244 a
587 1185 717 1244 contusis
738 1205 790 1263 per
811 1186 956 1244 librarium
977 1183 1003 1244 C
1025 1183 1053 1243 G
1075 1186 1153 1256 oriri,
1173 1187 1275 1262 potuit
1296 1187 1378 1246 etiarn

224 1283 380 1358 uestigium
404 1300 468 1341 esse
496 1282 665 1358 antiquioris
693 1283 858 1359 scripturae,
884 1281 1036 1357 quomodo
1064 1282 1152 1340 tradit
1180 1280 1288 1342 Festus
1309 1302 1332 1342 s.
1353 1303 1377 1342 u

225 1379 394 1455 Prodigia.
435 1379 577 1456 Prodigia
601 1381 676 1455 quod
689 1381 857 1455 praedriunt
867 1379 981 1454 sutura
1003 1382 1206 1453 permutatione
1228 1401 1253 1456 g
1277 1381 1377 1450 lr'terae,

224 1496 288 1535 nam
302 1496 371 1553 quae
384 1496 457 1533 nunc
469 1496 485 1533 2
497 1476 661 1552 appellatur,
676 1475 712 1534 ab
725 1477 850 1551 antiquis
859 1497 883 1553 g
892 1475 1052 1533 uocabatur.
1095 1475 1145 1535 Ad
1159 1474 1269 1536 Catulli
1283 1476 1377 1536 locum

223 1576 367 1650 pertinent
387 1575 473 1632 etiam
495 1573 576 1632 haec.
618 1573 697 1632 Paul.
718 1572 802 1632 Diac.
816 1592 845 1650 p.
863 1587 920 1648 ²²5
939 1572 981 1631 M.
1023 1574 1179 1632 Procitant
1190 1576 1377 1650 prouocrtant,

222 1675 308 1730 citare
328 1673 398 1729 enr'rn
420 1672 539 1728 uocitare
559 1678 605 1742 est,
623 1672 693 1728 unde
709 1677 820 1745 procet
838 1678 864 1728 et
878 1672 989 1746 praeit
1006 1677 1033 1728 et
1046 1678 1166 1746 procat
1184 1674 1313 1730 debebant
1326 1682 1378 1748 pro

218 1772 315 1846 poscet,
327 1770 363 1828 ib.
380 1788 408 1846 p.
421 1773 477 1841 248
486 1779 605 1845 procare
612 1779 722 1845 poscere
735 1771 862 1841 estante
874 1772 1041 1844 etprocr'et
1053 1771 1206 1828 meretrices
1215 1781 1376 1846 procaces,

223 1874 250 1925 et
268 1868 380 1925 uerbum
395 1878 517 1943 procas
538 1868 570 1925 id
586 1874 627 1925 est
642 1869 738 1942 poscis.
781 1866 843 1924 Iam
872 1884 976 1942 proca
997 1867 1130 1938 scribere,
1153 1885 1263 1942 porca
1283 1868 1376 1926 dicere

223 1967 318 2042 potuit
332 1964 461 2024 Catullus
476 1966 580 2024 eodem
597 1965 687 2024 modo
703 1983 762 2043 quo
784 1965 936 2024 Crotona
955 1977 984 2023 et
1005 1965 1159 2025 Cortona
1180 1966 1376 2025 crocodilus

224 2074 253 2121 et
281 2063 475 2122 corcodilus
503 2061 637 2141 (Phaedr.
667 2064 690 2122 1.
723 2060 773 2141 25)
802 2065 968 2139 trapezita
995 2071 1025 2121 et
1053 2064 1221 2140 tarpezita
1257 2064 1375 2123 Trasu-

225 2180 343 2220 menus
364 2173 393 2220 et
414 2160 646 2220 Tarsumenus
665 2159 778 2239 (Quint.
793 2160 816 2219 I.
833 2177 861 2235 5.
879 2157 928 2237 13)
943 2161 1093 2238 scripula
1108 2161 1236 2235 (Veron.
1252 2161 1376 2239 Palimp-

226 2271 291 2320 sest.
318 2260 389 2319 Plin.
413 2258 454 2319 H.
477 2257 515 2317 N.
544 2257 625 2315 XIV.
656 2277 703 2329 41.
726 2258 777 2335 81)
800 2260 949 2335 scirpula
976 2259 1110 2334 leguntur
1138 2260 1219 2337 (vide
1250 2260 1375 2320 Corssen

223 2360 402 2435 Ausrprache
412 2360 460 2415 der
467 2357 578 2415 Laterii.
589 2354 712 2432 Spractre
722 2357 742 2414 I.
756 2355 836 2435 246).
857 2357 896 2416 Et
909 2376 1035 2435 porcax
1051 2358 1170 2433 quidem
1181 2377 1239 2435 pro
1250 2377 1375 2435 procax

224 2459 376 2535 posteriori
390 2466 521 2534 tempore
543 2457 682 2532 scriptum
704 2455 792 2515 luisse
814 2465 932 2514 testatur
947 2454 1176 2514 DIefenbachius
1197 2458 1229 2515 iu
1253 2456 1374 2535 Supple-

223 2568 324 2615 mento
345 2553 531 2630 Ducangiani
552 2552 745 2612 Vocabularii.
800 2553 891 2612 Simili
912 2554 1004 2612 modo
1024 2563 1173 2612 mutantur
1195 2555 1273 2614 iuter
1294 2575 1326 2615 se
1346 2557 1374 2615 in

223 2656 327 2714 eadem
341 2654 528 2729 inscriptione
544 2651 697 2725 (Momms.
713 2649 747 2709 C.
760 2652 783 2709 Ι.
794 2651 827 2709 L.
841 2651 864 2708 I.
878 2651 947 2729 199)
963 2651 1165 2722 Porcobera,
1180 2652 1375 2713 Procobera

222 2753 273 2828 qui
288 2753 392 2810 fluuius
407 2770 424 2809 a
439 2750 544 2809 Genua
558 2749 668 2808 distans
683 2749 742 2808 duo
764 2750 841 2807 milia
856 2768 994 2825 passuum
1009 2768 1026 2807 a
1041 2750 1135 2808 Plinio
1151 2749 1192 2808 H.
1208 2750 1249 2809 N.
1265 2752 1320 2810 ΙΙΙ.
1338 2756 1373 2824 48

223 2850 404 2920 Porcifera,
419 2849 506 2906 hodie
521 2848 707 2906 Polceuera
721 2847 830 2905 dicitur.
858 2846 903 2905 Cs.
915 2847 1065 2923 pergula,
1080 2848 1224 2924 pregula
1239 2849 1373 2929 (Quintil.

222 2948 246 3005 I.
263 2964 289 3021 5.
309 2947 357 3025 12)
372 2947 566 3023 porcillaca,
588 2945 774 3022 procillaca
789 2944 842 3021 (sic
862 2944 949 3003 habet
963 2946 1028 3004 cod.
1050 2945 1215 3005 Vossianus
1237 2951 1373 3026 antiquus

222 3045 294 3103 Plini
311 3045 350 3103 H.
366 3044 403 3102 N.
419 3044 483 3101 XX
503 3043 584 3118 210),
599 3044 776 3114 Procilius,
793 3043 972 3114 Porcilius,
985 3044 1044 3103 Att.
1060 3043 1112 3103 IV.
1134 3059 1177 3117 15.
1194 3067 1223 3118 4.

588 3269 824 3330 ADDENDVM
848 3273 885 3332 ad
909 3272 1003 3330 LXII.

265 3424 289 3462 r.
315 3403 411 3461 Huius
432 3418 534 3459 uersus
557 3400 668 3459 initium
691 3403 821 3480 Vesper
842 3406 939 3464 adest
961 3404 1076 3463 Riesius
1097 3414 1179 3481 putat
1202 3424 1220 3464 a
1242 3405 1373 3467 Varrone

220 3502 338 3560 citatum
353 3499 386 3558 L.
401 3498 434 3557 L.
450 3499 519 3558 VII.
536 3513 574 3572 50
600 3499 750 3577 Vesperugo
770 3502 847 3559 stella
868 3521 936 3577 quae
957 3511 1063 3577 uespere
1084 3504 1186 3574 oritur,
1202 3523 1220 3561 a
1242 3525 1298 3579 quo
1318 3525 1373 3564 eam

222 3598 331 3675 Opilius
341 3599 440 3656 scribit
459 3596 619 3674 Vesperurn‚·
635 3600 723 3675 itaque
736 3600 841 3657 dr'cz'rur
855 3601 988 3659 alterum:
1005 3600 1154 3677 (alternum
1170 3599 1300 3673 Riesius,
1316 3603 1372 3662 h.e.

218 3699 360 3768 ὀμοιβαῖον,
376 3715 445 3754 nam
459 3699 604 3768 diremptor
624 3698 736 3755 uidetur
754 3715 817 3756 esse
839 3716 955 3756 carmen
975 3699 1055 3775 quod
1074 3698 1192 3755 alternis
1214 3701 1374 3759 canebatur

219 3793 362 3872 uespere),
388 3794 521 3870 Vesper
548 3792 660 3865 adest3
689 3812 765 3867 quem
787 3796 884 3852 dieunt
905 3795 1012 3854 Graeci
1029 3797 1189 3869 Διιπέριον.
1235 3796 1330 3869 Quod
1352 3799 1373 3856 si

218 3911 287 3951 uere
301 3893 449 3963 intellexit,
465 3892 537 3950 haec
552 3900 596 3948 est
610 3890 839 3950 CatuIIIanorum
854 3895 1016 3951 carminum
1038 3893 1131 3970 prima
1153 3910 1230 3969 quae
1253 3897 1372 3971 quidem

217 3991 255 4050 ad
271 4009 325 4050 nos
339 3990 501 4068 peruenerit
516 3988 633 4046 mentio.

311 4108 338 4164 6.
360 4105 518 4173 Cernitis,
540 4103 712 4179 innuptae,
735 4104 895 4165 iuuenes?
924 4106 1124 4182 consurgite
1146 4117 1279 4166 contra

258 4220 437 4278 Thuanaeus
452 4217 538 4277 habet
555 4219 718 4294 consurgi
741 4230 878 4279 eretera.
921 4220 1001 4278 Hinc
1016 4221 1039 4279 I.
1057 4220 1168 4279 IlIowat
1183 4222 1369 4282 scribendum

217 4329 317 4376 censet
347 4315 479 4382 Cernetis,
508 4318 644 4392 innuptae,
673 4317 784 4375 rieuenes
812 4335 1021 4394 consurgere
1048 4319 1167 4376 contra?
1223 4318 1371 4397 Scriptum

217 4464 308 4522 suerat
328 4406 610 4526 CONSVRGeltTe
633 4452 727 4524 ΟΠ
