2872 5002
137 306 193 364 xlvi
530 298 897 361 PROLEGOMENA.

180 488 271 563 Quod
299 497 366 564 post
393 485 524 545 LXXIV
548 486 727 564 archetypon
756 486 893 562 effingere
920 502 981 542 non
1010 493 1134 542 conatus
1163 500 1239 555 sum,
1260 481 1292 543 id

137 598 257 665 propter
274 588 421 645 turbatum
440 584 601 644 carminum
621 586 755 644 ordinem
776 584 838 643 ieci.
882 582 961 642 Nam
976 579 1022 662 (1)
1036 591 1174 659 quattuor
1190 599 1292 642 uersus

138 687 188 762 qui
209 686 239 744 iu
260 685 411 745 codicibus
431 693 499 760 post
520 682 692 742 LXXVIII.
707 685 724 740 6
740 683 876 759 leguntur
895 679 954 740 Sed
966 701 1039 738 nunc
1052 680 1085 738 id
1097 681 1211 737 doleo-
1227 697 1292 739 ama

138 784 263 858 loquetur
282 802 355 841 unus
375 791 406 840 ut
430 781 510 840 nullo
532 782 623 841 modo
645 800 712 842 cum
735 780 896 839 LXXVIII
918 790 1043 857 possunt
1064 779 1231 850 cohaerere,
1252 779 1294 839 ita

138 899 199 957 quo
217 882 381 959 pertineant
401 881 544 938 incertum
566 891 628 939 est:
657 897 826 957 quanquam
846 878 1026 954 scaligerum
1047 887 1165 936 secutus
1184 879 1215 934 iu
1234 877 1292 935 fine

139 969 284 1038 carminis
298 978 444 1037 LXXVII
466 979 580 1037 stetisse
605 978 757 1037 arbitratus
781 996 855 1037 sum.
905 974 951 1055 (2)
974 975 1143 1034 LXXXIV.
1169 996 1196 1050 3,
1222 996 1241 1047 4
1262 975 1294 1033 in

140 1078 290 1137 codicibus
318 1088 385 1154 post
413 1075 582 1136 LXXXIV.
607 1095 643 1134 10
667 1077 802 1152 leguntur
822 1072 869 1154 (3)
891 1073 1065 1133 LXXXVII
1090 1073 1186 1132 Nulla
1209 1078 1296 1149 potest

139 1179 239 1235 mulier
262 1185 369 1235 lantum
394 1195 422 1234 se
444 1177 531 1234 dr'cere
555 1182 676 1233 amatam
709 1175 782 1246 Vere,
807 1180 940 1249 quantum
964 1192 983 1230 a
1007 1192 1048 1231 me
1068 1172 1174 1230 Lesbia
1199 1178 1293 1231 amala

140 1296 198 1333 meo
216 1296 252 1334 er.
293 1275 388 1333 Nulla
397 1275 470 1351 fides
489 1274 564 1331 nullo
566 1275 636 1350 fuit
653 1293 775 1349 unquam
785 1274 900 1347 findere
917 1277 1003 1343 lanta,
1021 1269 1133 1342 Quanta
1153 1273 1184 1329 in
1201 1290 1295 1330 amore

140 1381 186 1431 luo
197 1381 323 1449 exparte
333 1379 441 1449 reperta
452 1391 510 1430 mea
521 1379 568 1443 cst,
579 1390 635 1430 nec
645 1390 698 1448 per
709 1390 740 1430 se
751 1372 896 1446 integrum
910 1379 1008 1445 potest
1021 1387 1094 1440 esse,
1105 1379 1134 1426 et
1148 1369 1295 1446 plerisque

141 1483 209 1549 post
238 1471 416 1547 Scaligemm
437 1488 505 1530 curu
527 1470 641 1529 LXXV
662 1469 902 1547 coniungendam
923 1466 1046 1526 uidetur.
1088 1465 1180 1538 Quod
1201 1485 1296 1543 quau·

141 1589 231 1647 quam
246 1571 306 1629 ueri
315 1571 413 1629 simile
427 1587 489 1628 non
502 1569 561 1628 iam
575 1568 794 1640 habeo-nam
813 1585 916 1626 uerum
930 1584 993 1625 esse
1008 1566 1038 1623 in
1054 1564 1175 1624 LXXV.
1195 1585 1207 1624 1
1224 1566 1296 1626 Huc

141 1677 181 1728 est
201 1687 275 1728 mens
298 1670 418 1739 deducta,
441 1686 503 1728 nou
528 1669 609 1746 quod
631 1669 741 1728 habeut
761 1667 937 1727 Cuiacianus
958 1676 987 1724 et
1008 1663 1136 1723 dNunc
1156 1672 1198 1722 est
1219 1685 1296 1725 mens

142 1768 261 1824 adducta
280 1766 407 1846 (abducta
427 1764 467 1846 l),
487 1767 689 1826 demonstrant
710 1767 767 1826 loci
787 1783 862 1844 quos
883 1766 913 1823 in
933 1764 1152 1823 Commentario
1172 1764 1297 1822 attuli-

143 1874 243 1924 tamen
262 1866 449 1925 tetrastichon
467 1866 536 1925 illud
553 1864 646 1924 Nulla
659 1871 898 1942 polest-reperta
917 1883 976 1922 mea
994 1869 1035 1921 est
1050 1863 1215 1939 fragmenti
1232 1882 1296 1923 nou

142 1964 225 2023 solidi
241 1965 377 2024 carminis
391 1966 487 2024 uicem
501 1965 610 2023 babere
625 1965 721 2024 nullus
736 1963 846 2023 dubito.

185 2062 352 2138 Archetypo
373 2063 526 2122 tribuImus
550 2081 704 2122 numerum
725 2081 811 2122 suum
830 2064 865 2120 16
887 2062 949 2119 siue
970 2058 1139 2137 simplicem,
1160 2061 1223 2119 siue
1243 2078 1297 2137 per

145 2160 229 2219 binas
250 2161 403 2221 columnas
425 2162 612 2239 duplicatum.
653 2161 727 2220 Mox
748 2179 802 2238 pro
821 2163 857 2218 16
875 2160 947 2218 liber
965 2160 1074 2218 alterne
1092 2178 1143 2235 per
1161 2162 1196 2217 16
1212 2171 1241 2218 et
1259 2173 1294 2234 17

145 2258 269 2334 scriptus
283 2270 348 2332 est;
369 2277 438 2319 nam
451 2262 525 2319 inter
538 2259 648 2320 LXIV.
664 2262 722 2335 386
738 2269 805 2335 post
820 2277 908 2335 quem
923 2275 1039 2316 uersum
1054 2258 1170 2317 codIces
1188 2258 1298 2318 habent

145 2356 326 2434 Languidior
353 2365 444 2417 Ιιηινα
471 2361 521 2416 cur'
542 2360 660 2434 pendens
683 2360 774 2416 sr'crtla
802 2357 861 2415 beta
886 2367 915 2415 et
937 2354 1061 2414 LXVII.
1087 2375 1121 2414 21
1153 2357 1203 2414 ubi
1227 2375 1297 2416 uere

145 2457 269 2533 scriptus
290 2465 342 2529 est,
362 2475 463 2516 uersus
486 2467 553 2516 sunt
577 2459 631 2515 161
656 2468 685 2517 et
707 2457 766 2516 duo
787 2457 870 2514 tituli.
913 2453 970 2513 His
990 2454 1073 2512 adice
1096 2453 1171 2514 duos
1194 2473 1298 2516 uersus

145 2551 172 2610 h.
194 2573 217 2612 e.
238 2553 364 2613 LXVII.
388 2574 421 2612 21
447 2556 491 2614 bis
513 2556 666 2633 repetitum
678 2575 687 2628 3
716 2554 836 2613 efficitur
856 2570 972 2612 summa
995 2553 1051 2626 165
1073 2551 1102 2610 h.
1120 2571 1146 2611 e.
1166 2553 1297 2630 quinque

146 2653 271 2728 paginae
299 2672 434 2712 uersuum
464 2673 512 2729 33,
534 2655 637 2713 decem
664 2666 762 2713 autem
790 2654 826 2711 16
848 2661 877 2711 et
901 2664 936 2725 17
959 2650 1169 2709 alternantium.
1212 2652 1298 2711 Idem

146 2751 275 2826 sequitur
295 2769 331 2809 ex
353 2752 455 2810 iterato
475 2750 616 2809 LXVIII.
635 2756 688 2822 16;
710 2753 826 2810 iteratus
847 2759 891 2809 est
910 2749 988 2808 enim
1007 2747 1159 2808 interuallo
1176 2767 1215 2823 33
1233 2768 1296 2808 uer·

147 2866 248 2920 suum3
281 2858 309 2906 et
336 2867 372 2906 ex
400 2850 531 2907 uersibus
559 2849 613 2908 illis
641 2848 710 2908 Non
733 2848 1050 2924 antor-quaerztando,
1069 2849 1118 2923 qui
1146 2848 1171 2906 si
1199 2847 1297 2907 titulos

146 2947 256 3005 adicias
275 2946 380 3005 eodem
400 2947 549 3005 interuallo
564 2949 670 3007 absunt
684 2967 702 3007 a
720 2948 808 3007 Tanto
822 2955 847 3006 te
859 2949 980 3026 tirsarlu
994 2948 1044 3005 ubi
1063 2965 1132 3005 uere
1152 2945 1297 3006 scribendi

148 3054 238 3101 erant.

78 3156 81 3162 ·
189 3141 277 3200 Hanc
302 3143 534 3201 numerationem
555 3144 644 3203 credo
665 3144 696 3202 in
717 3144 864 3203 coluisse
885 3144 996 3214 codice,
1018 3143 1096 3201 unde
1118 3142 1297 3202 Thuanaeus

148 3241 186 3297 ab
207 3239 297 3299 altera
317 3251 407 3316 parte,
427 3242 465 3299 ab
486 3241 573 3301 altera
593 3242 776 3303 Veronensis
797 3243 1003 3319 profluxerunt
1048 3240 1114 3301 Hos
1136 3242 1215 3300 enim
1236 3260 1298 3301 uon

149 3338 186 3396 ab
201 3338 266 3414 ipso
280 3338 384 3398 ductos
404 3337 491 3398 fuisse
511 3340 667 3418 archetypo
682 3342 790 3401 docent
803 3342 834 3398 in
848 3340 987 3399 omnibus
1000 3340 1099 3399 amissi
1113 3357 1216 3398 uersus
1230 3351 1299 3417 post

149 3436 245 3497 LXII.
269 3456 316 3512 32.
358 3436 419 3508 Qui
444 3440 577 3514 quamuis
603 3442 749 3516 potuerint
773 3440 803 3497 in
827 3438 986 3516 archetypo
1007 3438 1086 3497 eradi
1107 3448 1137 3498 et
1160 3438 1237 3498 hanc
1259 3439 1299 3497 ob

148 3555 267 3596 causam
289 3537 394 3595 necin
414 3536 609 3596 Thuanaeum
630 3557 685 3598 nec
703 3539 905 3604 Veronensem
927 3539 1067 3608 uenerint,
1083 3556 1144 3596 non
1165 3539 1236 3597 satis
1257 3539 1300 3598 sic

149 3634 309 3710 explicatur
330 3646 510 3693 caeterorum
528 3654 666 3694 uersuum
687 3637 717 3694 in
736 3638 876 3695 similibus
895 3638 967 3696 locIs
989 3638 1117 3696 amissio.
1158 3634 1245 3708 Nam,
1268 3646 1300 3695 ut

149 3733 218 3804 dixi,
232 3732 401 3791 exciderunt
420 3734 449 3791 in
469 3732 631 3793 Thuanaeo
648 3754 695 3810 30,
711 3737 758 3807 62,
774 3736 804 3792 in
818 3735 985 3794 Veronensi
1003 3756 1047 3809 14.
1089 3735 1178 3811 Atqui
1198 3752 1300 3794 uersus

151 3833 187 3887 62
214 3849 276 3890 non
301 3831 377 3890 cadit
401 3832 431 3888 in
453 3831 543 3889 Imam
568 3851 624 3891 nec
646 3851 792 3891 summam
816 3836 955 3912 paginam
981 3836 1036 3894 nisi
1059 3852 1120 3892 non
1142 3834 1301 3892 numeratis

149 3931 281 3988 uersibus
305 3931 355 4006 qui
384 3940 451 4007 post
477 3949 513 4005 32
540 3931 717 3990 exciderunt.
768 3931 838 3990 Non
867 3935 953 4010 igitur
981 3934 1020 3991 ab
1047 3934 1112 4009 ipso
1141 3932 1299 4009 archetypo

150 4026 310 4104 descriptus
324 4038 367 4086 est
381 4046 436 4086 nec
451 4027 630 4088 Thuanaeus
649 4049 704 4088 nec
723 4031 747 4090 is
761 4032 839 4090 unde
853 4032 940 4091 ceteri
959 4041 1159 4110 prouenerunt
1172 4030 1299 4090 codIces.

149 4123 234 4183 Idem
262 4135 362 4183 tamen
389 4127 548 4186 certissima
574 4129 696 4205 uestigia
724 4148 793 4205 prae
822 4149 853 4189 se
881 4131 977 4190 lerunt
1004 4130 1117 4188 numeri
1144 4132 1188 4188 16.
1240 4129 1302 4187 Aut

148 4222 235 4298 igitur
255 4223 293 4281 ab
309 4222 467 4301 archetypo
487 4226 604 4286 tralatus
623 4227 675 4285 fuit
696 4227 743 4286 hic
762 4247 900 4289 numems
922 4230 960 4289 ad
980 4247 1047 4288 eum
1067 4228 1201 4288 codicem
1221 4228 1301 4288 uude

149 4318 205 4378 orti
219 4329 287 4378 suut
301 4320 329 4378 T
346 4333 375 4381 et
389 4325 495 4383 caeteri
503 4343 512 4398 ;
534 4337 583 4385 aut
597 4325 777 4403 archetypou
791 4345 843 4403 per
861 4330 904 4400 16,
920 4327 1015 4387 codex
1030 4328 1140 4404 dequo
1155 4326 1303 4404 loquimur
