2872 5002
412 324 643 388 CARMINVM
671 322 866 384 CATVLLI.
1152 322 1211 379 295

56 512 176 554 carmen
201 494 298 553 euadit
325 512 361 567 14
383 511 521 554 uersuum
532 514 541 567 3
571 491 654 570 quod
676 502 726 551 aut
749 502 782 550 ut
801 489 857 549 seci
877 489 907 547 in
931 504 970 559 44
993 504 1031 562 33
1053 483 1102 565 (ci.
1125 482 1214 563 xvl)

55 594 197 663 diuiseris,
219 603 268 652 aut
291 594 314 652 si
336 610 474 654 uersuum
493 612 526 651 11
544 611 636 669 neges
651 611 668 651 a
682 591 871 668 sequentibus
892 586 1006 662 seiungi
1026 585 1166 663 potuisse,
1180 585 1212 643 In

59 713 74 751 2
99 711 121 755 x
141 706 167 767 7,
183 693 219 751 cf.
234 691 304 752 VII.

98 816 133 875 C.
154 816 230 875 XIII
250 815 353 875 XXIV
368 827 449 876 extra
470 816 682 875 dubitatIonem
702 814 798 892 posita
819 821 894 872 sunt.
937 807 1013 867 XIII
1035 807 1114 866 enim
1135 805 1213 866 cadit

56 916 87 972 in
104 929 141 988 55
159 934 185 986 4,
199 914 229 972 hi
244 925 343 973 autem
364 916 478 973 numeri
498 932 597 974 rursus
618 914 648 972 In
672 933 708 988 ²3
726 957 732 971 .
749 931 785 987 3²
804 956 810 970 .
828 928 863 969 22
886 908 942 989 (sic
963 905 1105 965 Frankius
1126 923 1155 981 p.
1171 902 1212 982 9).

57 1011 162 1069 XXIV
183 1012 241 1070 hoc
262 1012 349 1070 habet
370 1017 459 1084 σχῆμα
482 1032 530 1087 33,
555 1031 590 1069 22
613 1012 668 1091 (sic
690 1008 833 1068 Frankius
854 1027 882 1084 p.
906 1003 967 1082 61).
1010 1003 1083 1062 XVI
1105 1002 1212 1062 eodem

57 1111 149 1169 modo
165 1110 348 1168 distributum
362 1120 407 1169 est
421 1129 480 1187 quo
496 1110 519 1182 Ι,
534 1111 647 1169 numeri
662 1109 741 1167 enim
757 1126 794 1179 44
809 1125 847 1182 33
859 1106 932 1163 inter
947 1121 978 1162 se
993 1102 1111 1180 quidem
1126 1118 1212 1178 pares

57 1217 134 1279 sunt,
150 1208 202 1267 sed
217 1209 346 1267 secunda
359 1212 482 1283 πιρικοπὴ
497 1228 585 1268 sensu
600 1226 667 1268 cum
682 1209 766 1266 tertia
783 1205 928 1275 cohaeret,
943 1204 972 1261 in
988 1211 1089 1278 quarta
1103 1199 1211 1258 reditus

58 1305 89 1362 fit
103 1305 141 1364 ad
155 1306 287 1382 primam.

583 1516 611 1563 B.
626 1529 650 1562 a.
669 1523 693 1562 2.

100 1635 159 1693 Vbi
184 1635 293 1711 prImus
318 1653 458 1694 numerus
487 1637 646 1712 respondet
674 1636 767 1706 tertio,
789 1632 936 1693 secundus
962 1637 1082 1706 quarto:
1101 1625 1148 1685 III
1168 1624 1214 1684 IX

59 1733 122 1791 XII
138 1733 195 1790 XV
210 1733 283 1790 XXI
298 1732 401 1791 XXXI
417 1732 513 1792 LVII.

103 1854 136 1913 C.
160 1850 206 1912 III
227 1853 368 1913 Frankius
390 1855 430 1913 sic
452 1855 594 1931 disposuit
617 1864 849 1930 2÷3.5.2÷3
869 1849 874 1932 1
894 1872 923 1927 3.
970 1844 1030 1909 Sed
1053 1843 1099 1923 (ι)
1120 1843 1213 1904 Inter·

59 1952 202 2028 rumpitur
223 1954 317 2011 oratio
339 1961 406 2029 post
429 1973 455 2023 4,
470 1970 531 2010 non
553 1962 622 2030 post
644 1963 671 2027 5,
693 1971 760 2012 cum
782 1952 879 2029 aptius
898 1951 935 2010 ad
953 1947 1169 2008 miserationem
1184 1943 1215 2002 in

61 2051 119 2109 fine
134 2054 270 2123 περικοπῆς
284 2049 442 2108 inferantur
455 2050 501 2108 isti
516 2049 576 2110 duo
589 2068 691 2109 uersus
708 2070 733 2125 3,
751 2068 767 2121 4

346 2170 455 2228 Passer
475 2179 600 2231 mortuus
620 2180 661 2230 est
679 2192 750 2231 meae
767 2174 882 2248 puellae,

346 2269 455 2327 Passer
475 2271 587 2327 deliciae
607 2290 680 2330 meae
695 2272 803 2347 puellae

61 2428 80 2467 a
94 2408 214 2468 relatiuo
229 2421 326 2467 autem
341 2409 446 2467 melius
458 2410 579 2486 incipiat
598 2421 659 2470 tota
680 2411 806 2487 passeris
828 2409 985 2485 descriptio
999 2402 1106 2484 (5-10)
1131 2401 1216 2473 Qum

56 2507 125 2581 plus
141 2507 192 2564 illa
211 2506 296 2563 oculei
315 2506 376 2562 ruri
395 2505 600 2564 amabat-Ad
616 2510 703 2567 solam
723 2510 861 2568 domieram
881 2524 967 2582 usque
982 2501 1127 2581 pipilabal.
1169 2497 1217 2577 (a)

62 2603 133 2663 Non
153 2604 241 2664 uideo
260 2623 312 2663 cur
325 2622 354 2662 u.
372 2606 408 2661 16
431 2602 484 2662 Vae
493 2605 611 2682 saelum
631 2607 726 2664 male!
748 2625 800 2665 uae
819 2605 921 2664 miselle
936 2606 1058 2681 passer!
1081 2613 1214 2675 ²13-15

61 2701 224 2772 absciderit,
243 2703 267 2761 si
289 2702 407 2778 quidem
428 2702 557 2761 XXVII.
578 2718 596 2778 5
616 2702 660 2761 Ae
678 2724 727 2763 uos
746 2724 798 2781 quo
818 2703 892 2762 lubel
910 2703 977 2760 hinc
990 2701 1062 2759 abile
1081 2698 1215 2776 lymphae,

61 2799 194 2857 XXXVI
208 2803 244 2857 18
259 2800 362 2858 Aenos
377 2801 480 2859 tielerea
493 2803 580 2859 uem'le
594 2803 624 2858 in
639 2803 727 2878 e'gnem
743 2801 792 2882 (cf.
807 2800 889 2859 XIV.
908 2816 942 2859 ar
967 2799 1018 2858 Vos
1032 2796 1097 2857 ln’m
1111 2799 1217 2855 interea

62 2899 150 2955 ualele
163 2898 234 2955 abite
243 2896 265 2975 ¹)
280 2897 309 2954 in
325 2897 407 2956 initio
426 2903 564 2972 περικοπῆς
582 2899 762 2959 collocantur
776 2917 903 2977 quorum
921 2915 1059 2958 uersuum
1077 2914 1138 2956 non
1157 2895 1215 2955 dis·

62 2996 164 3054 similis
185 3005 230 3054 est
249 2996 297 3054 hic
319 2996 355 3054 de
377 3013 437 3072 quo
458 2995 582 3055 dicImus
603 3017 648 3072 13,
669 2996 713 3056 Ae
730 2998 807 3056 nobes
827 2999 897 3056 male
916 2999 957 3055 sil
974 2997 1064 3055 malae
1083 2995 1215 3054 tenebrae.

62 3091 149 3153 Haec
170 3112 227 3170 ego
253 3104 369 3153 secutus
394 3094 516 3171 uestigia
540 3105 608 3171 post
634 3114 660 3167 4,
682 3104 744 3154 tum
769 3103 837 3171 post
862 3114 896 3154 12
920 3094 1029 3154 incido.
1070 3090 1217 3153 Postremi

64 3193 81 3249 6
104 3210 206 3251 uersus
231 3210 329 3252 rursus
353 3192 384 3250 in
407 3209 484 3268 3><2
512 3193 690 3253 scinduntur.
735 3192 903 3270 Interpositi
928 3203 997 3253 octo
1022 3193 1095 3252 duas
1120 3200 1217 3269 partes

61 3288 179 3362 habent,
194 3292 322 3366 priorem
343 3308 394 3348 sex
417 3286 448 3368 (3
461 3308 483 3352 x
495 3287 534 3367 a),
550 3289 670 3349 alteram
688 3311 702 3349 2
718 3307 864 3350 uersuum.
908 3289 958 3350 Sic
977 3309 995 3364 4
1012 3291 1145 3351 uersibus
1167 3291 1217 3365 qui

62 3387 213 3463 stropham
237 3387 417 3465 praecedunt
439 3407 454 3444 2
478 3388 659 3465 respondent
681 3390 730 3465 qui
753 3388 966 3465 antIstrophon.
1008 3392 1097 3462 Σχῆμα
1119 3394 1217 3447 autem

62 3484 122 3544 hoc
145 3493 189 3543 est

508 3576 538 3622 Α.
595 3578 624 3632 Β,
677 3578 705 3626 Γ.
758 3578 789 3625 Δ.

61 4003 164 4051 LXXIII
177 4003 239 4063 quod
260 4003 344 4064 partIm
357 4004 386 4051 ad
397 4002 507 4068 Theogo.
525 4001 621 4064 1263-6
635 4003 719 4066 partIm
734 4005 762 4051 ad
777 4015 839 4066 1309
851 4013 874 4051 et
886 4001 968 4065 Sapph.
981 4003 1009 4053 Ir.
1021 4003 1067 4051 XII
1079 4005 1184 4064 refertur,
1198 4015 1221 4053 et

62 4083 150 4133 XCIX.
166 4082 214 4147 3-6
226 4085 265 4131 ubi
277 4085 385 4149 Theogn.
397 4097 542 4150 1299-1302
555 4088 594 4134 eed
607 4087 697 4134 tiberius
709 4087 825 4147 expressit.

95 4165 104 4195 ¹
122 4166 161 4214 Ne
177 4166 288 4216 XXVIII.
302 4180 332 4231 14
343 4169 437 4230 quidem
448 4168 484 4216 Ae
500 4169 564 4217 uobis
580 4169 646 4217 mala
662 4169 736 4217 malta
752 4168 778 4216 di
794 4170 893 4231 deaeque
908 4183 951 4229 pro
963 4167 1096 4216 Frankiana
1114 4169 1221 4218 distribu-

62 4251 128 4297 tione
146 4257 192 4298 etat
209 4249 317 4297 carminis
327 4250 370 4300 111.
404 4251 468 4298 Nam
485 4251 523 4299 hic
539 4264 617 4299 nereus
634 4264 765 4313 quanquam
783 4251 900 4312 stropham
918 4265 966 4299 non
982 4252 1073 4313 incipit.
1084 4259 1108 4300 et
1125 4267 1220 4314 respon·

62 4333 143 4380 dmtea
160 4331 204 4378 sibi
221 4331 292 4380 habet
308 4332 376 4379 binae
391 4347 468 4381 uenus
485 4333 633 4395 stropharum
651 4334 739 4394 primae
756 4349 784 4380 ac
800 4333 913 4382 secundae
931 4335 963 4398 (Α
975 4335 1002 4392 β,
1013 4336 1032 4381 B
1043 4334 1083 4397 β),
1095 4343 1120 4383 et
1137 4336 1223 4385 nnllam

63 4422 118 4476 port
129 4429 154 4462 ee
166 4422 300 4476 sequente·
312 4411 449 4476 περιωπήν.
