2872 5002
139 311 205 367 xviii
590 297 835 358 PRAEFATIO.

141 495 250 552 endum
271 491 341 550 mihi
363 488 511 567 praebuit;
541 496 603 543 tum
624 483 778 543 Thuauaei
800 480 960 556 specimine
981 480 1063 556 quod
1083 479 1274 540 humanissim

141 617 196 676 pro
208 617 255 656 me
267 596 418 672 descripsit
429 592 593 653 Gulielmus
608 589 644 649 G.
656 586 851 658 hiarkheim¹;
867 586 973 646 deinde
988 585 1118 645 Gualteri
1134 585 1163 645 S.
1176 586 1278 646 Laudo

142 704 404 771 emendationibus,
426 717 549 777 quarum
574 709 686 774 partem
707 697 770 771 ipse
794 693 932 763 ediderat,
954 703 1065 768 partem
1087 694 1126 752 ad
1147 711 1197 751 me
1219 693 1282 753 mid

142 811 253 870 amicus
282 811 344 869 eius
382 808 530 867 Robertus
562 804 729 878 Browning,
765 812 854 877 poeta
881 799 1087 859 illustrissimus
1098 820 1107 873 3
1144 811 1286 876 postrema

142 917 250 975 Eduini
271 916 385 975 Palmer
406 913 597 981 Balliolensis,
619 920 649 968 et
670 908 771 967 Iacobi
792 905 903 965 Mowat
925 905 1175 982 cantabrigiensis
1196 907 1289 965 obser·

143 1023 307 1080 nationibus
328 1032 356 1079 ct
378 1019 570 1087 coniecturis;
599 1016 668 1074 satis
689 1033 706 1072 a
728 1032 776 1072 me
800 1012 909 1071 sactum
931 1013 1032 1089 putaui
1052 1023 1084 1071 ut
1105 1013 1213 1072 librum
1235 1014 1293 1073 siue

143 1129 354 1189 commentario
382 1126 491 1204 publici
518 1125 587 1182 iuris
615 1122 751 1181 lacerem.
802 1120 872 1179 Hoc
900 1138 937 1179 eo
965 1120 1101 1179 libentius
1129 1121 1187 1179 leci
1217 1120 1297 1198 quod

142 1236 316 1312 praepositis
341 1229 562 1309 Typographeo
583 1228 764 1287 Academico
786 1226 941 1286 consilium
962 1245 1062 1285 meum
1083 1246 1153 1287 cum
1175 1230 1298 1289 relatum

142 1353 219 1402 esset
247 1342 275 1399 id
302 1351 331 1399 et
359 1340 556 1416 probauerunt
584 1347 612 1394 et
644 1335 727 1394 omni
761 1333 868 1392 auxilio
903 1335 1095 1407 adiuuemnt;
1130 1337 1161 1394 in
1196 1338 1299 1413 primis

143 1447 183 1506 H.
214 1447 251 1506 Ο.
277 1445 360 1505 Coae
385 1455 413 1503 et
439 1441 479 1501 H.
505 1442 639 1513 Latham,
666 1440 773 1517 quibus
801 1441 929 1516 utrisque
957 1458 1087 1500 summas
1115 1452 1214 1517 grates
1241 1461 1299 1520 ago

142 1554 305 1627 habeoque.
348 1550 452 1627 Neque
478 1566 513 1607 ea
538 1559 650 1607 tantum
675 1565 755 1604 noua
779 1546 872 1604 affero
896 1564 972 1623 quae
1001 1546 1060 1604 dixi
1071 1565 1080 1618 ;
1111 1564 1181 1606 nam
1210 1551 1298 1608 etiam

51 1716 54 1722 .
143 1660 286 1718 editiones
301 1668 416 1733 praesto
431 1655 547 1714 luerunt
560 1654 731 1724 rarissimae,
747 1651 886 1728 Princeps
900 1669 975 1727 quae
993 1652 1097 1712 dicitur
1111 1671 1192 1714 anno
1211 1671 1298 1732 1472,

144 1774 172 1823 et
187 1782 262 1839 quae
279 1780 347 1821 uere
367 1772 419 1831 est,
434 1762 576 1819 incertum
598 1776 658 1835 quo
680 1776 759 1817 anno
780 1758 865 1828 edita,
882 1775 957 1834 quae
978 1767 1116 1834 utraeque
1137 1760 1168 1818 in
1191 1761 1299 1822 Biblio-

144 1871 228 1929 theca
248 1868 408 1928 Bodleiana
429 1876 630 1937 asseruantur;
653 1864 818 1923 Parmensis
832 1884 858 1923 a.
876 1877 972 1939 1473;
995 1864 1154 1924 Alexandri
1177 1866 1299 1927 Guariui

144 1995 170 2035 a.
200 1991 296 2049 15213
326 1984 475 2051 postremo
503 1990 538 2031 ea
562 1973 644 2030 cuius
669 1972 788 2029 unicum
817 1971 941 2029 creditur
964 1983 1063 2030 extare
1091 1973 1242 2050 exemplar
1270 1974 1299 2033 id

145 2082 225 2159 quod
246 2081 291 2140 his
312 2081 415 2139 diebus
437 2079 530 2154 copiis
551 2077 748 2136 Bibliothecae
770 2077 949 2136 Bodleianae
970 2077 1102 2137 additum
1122 2089 1175 2152 est,
1191 2079 1298 2141 Hiero·

146 2189 225 2264 nymi
247 2187 365 2245 Auantii
388 2184 534 2243 Cardinali
557 2185 696 2243 Farnesio
719 2183 867 2256 dedicata;
898 2195 930 2243 ut
951 2185 1001 2242 uix
1022 2185 1159 2263 cuiquam
1180 2188 1299 2246 credam

146 2304 189 2353 tot
217 2293 418 2372 suppeditasse
447 2292 554 2351 auxilia
582 2292 660 2349 unde
683 2289 788 2349 librum
811 2291 896 2350 toties
918 2290 1110 2366 deprauatum
1130 2294 1178 2352 uel
1198 2312 1299 2355 emen-

147 2400 226 2459 daret
240 2401 302 2476 ipse
317 2398 364 2459 uel
379 2399 440 2458 aliis
461 2398 679 2459 emendandum
699 2397 881 2473 relinqueret.
924 2396 983 2456 Sed
1004 2400 1106 2458 nescio
1128 2418 1189 2476 quo
1211 2414 1299 2478 pacto

146 2509 243 2566 euenit
270 2518 302 2566 ut
328 2507 359 2565 in
388 2505 504 2565 Catullo
532 2524 632 2565 curam
662 2505 776 2580 Anglus
805 2514 872 2563 ante
904 2521 951 2562 me
979 2506 1028 2563 uix
1057 2525 1132 2565 unus
1161 2519 1190 2566 et
1219 2509 1299 2581 alter,

146 2614 326 2674 Oxoniensis
340 2613 460 2690 quidem
475 2629 564 2670 nemo
579 2612 724 2688 posuerit;
746 2610 873 2670 Vossius
886 2612 965 2670 enim
979 2612 1062 2671 cuius
1082 2614 1172 2673 editio
1194 2615 1301 2676 Catulli

146 2720 275 2778 Londini
296 2719 402 2796 prodiit
423 2736 501 2777 anno
520 2720 607 2790 1684,
621 2734 790 2794 quanquam
812 2719 842 2775 in
862 2717 970 2792 Anglia
990 2717 1101 2795 aliquot
1115 2738 1211 2780 annos
1230 2724 1299 2799 egit,

147 2838 176 2884 et
197 2825 403 2884 canonicatum
424 2823 503 2900 apud
523 2841 579 2883 nos
593 2822 747 2882 Vinsoriae
769 2825 901 2895 obtinuit,
917 2823 1029 2883 Batauo
1047 2836 1127 2900 patre
1142 2837 1223 2887 ortus
1239 2838 1300 2901 est;

148 2935 172 2990 is
197 2942 294 2990 autem
319 2930 369 3006 qui
397 2928 542 2988 Catullum
571 2929 661 2989 edidit
688 2947 766 2988 anno
796 2944 881 3005 1702,
911 2930 1158 3008 Cantabrigiensis
1185 2935 1301 2994 uidetur

147 3037 237 3097 fuisse
257 3047 285 3094 et
303 3053 413 3094 nomen
435 3053 521 3094 suum
541 3035 615 3094 libro
636 3053 696 3094 non
717 3037 829 3096 adiecit.
872 3037 939 3114 Ego
961 3038 1111 3116 siquibus
1132 3045 1301 3101 temerarius

148 3142 271 3202 uidebor
285 3143 335 3218 qui
349 3141 436 3200 etiam
455 3150 522 3218 post
544 3141 767 3201 Lachmannum
788 3143 846 3203 hoc
868 3145 1200 3220 susceperim—tantum
1221 3149 1301 3207 enim

148 3248 341 3307 Lachmanno
356 3248 387 3305 in
400 3248 550 3307 codicibus
569 3247 673 3308 Catulli
695 3250 894 3311 discernendis
914 3252 1101 3311 tribuendum
1123 3272 1188 3313 esse
1209 3273 1302 3331 quan-

149 3367 210 3413 tum
232 3366 299 3413 ante
320 3372 389 3413 eum
411 3355 529 3425 nemini,
550 3373 605 3413 nec
627 3372 795 3431 quenquam
816 3357 973 3433 quicquam
995 3358 1025 3416 in
1046 3355 1162 3419 Catullo
1187 3361 1302 3437 profec-

149 3473 245 3522 turum
266 3461 316 3536 qui
337 3477 399 3518 non
420 3461 450 3517 in
472 3459 663 3529 Lachmanno
686 3480 718 3520 se
743 3464 919 3535 stabiliuerit,
940 3464 998 3524 hoc
1019 3466 1079 3524 iam
1099 3469 1237 3526 omnibus
1258 3480 1303 3528 est

149 3586 203 3645 pro
225 3565 462 3643 explorato-his
485 3566 552 3625 ideo
576 3584 623 3625 me
647 3585 733 3643 spero
758 3579 928 3629 excusatum
952 3571 994 3642 iri,
1018 3590 1079 3632 non
1103 3573 1199 3631 solum
1222 3575 1302 3651 quod

149 3685 191 3733 tot
213 3685 273 3733 tam
295 3673 419 3750 egregiis
441 3671 577 3731 subsidiis
602 3691 664 3731 rem
689 3676 849 3751 aggrediar,
872 3679 924 3736 sed
945 3679 1034 3737 etiam
1055 3679 1162 3754 opibus
1185 3679 1301 3737 adiutus

149 3780 341 3858 typographei
355 3796 414 3857 quo
429 3778 540 3838 nullum
557 3796 681 3853 usquam
695 3789 745 3839 aut
759 3792 895 3858 typorum
917 3785 1010 3844 nitore
1031 3804 1066 3844 ac
1086 3784 1300 3864 pulchritudine

150 3898 198 3946 aut
213 3888 352 3963 opificum
367 3904 437 3945 cura
450 3885 650 3962 praestabilius
664 3886 811 3947 habeatur.

292 4034 400 4087 Dabam
413 4032 501 4086 Nonis
515 4033 721 4101 Septembribus
734 4052 758 4090 a.
771 4048 964 4094 uueccuxvu.

368 4204 375 4232 ¹
392 4205 461 4252 Nunc
473 4213 507 4252 est
520 4206 593 4254 socius
605 4207 695 4272 collegii
708 4210 843 4274 Reginensis
856 4216 915 4275 apud
927 4217 1080 4266 Oxouienses.
