2872 5002
139 345 215 403 lxxiv
532 341 898 406 PROLEGOMENA.

290 525 355 606 (56)
377 524 532 585 Cessareut
546 523 651 602 Neque
665 525 753 586 Trr'sti

541 620 622 682 Tuto

682 720 828 781 laudamia

290 816 320 896 (7
326 817 357 898 5)
378 819 509 896 Accepta
522 818 624 880 frustra
638 818 716 878 Cum
729 818 862 878 nondum

290 912 356 996 (⁷⁶)
602 915 793 976 concilius«

291 1012 357 1092 (81)
642 1012 722 1073 Noui
968 1012 1127 1087 (Marcius)

289 1109 356 1189 (99)
823 1109 975 1188 &pultum

270 1205 356 1289 (102)
683 1207 765 1268 Deos

270 1306 357 1386 (118)
377 1305 468 1378 Quod
481 1306 582 1365 diuum
596 1306 749 1366 domiuum
936 1302 989 1383 (ric
1001 1305 1070 1365 ΑΜ.
1085 1305 1126 1384 Ι.)

268 1404 355 1485 (128)
376 1403 476 1476 Quam
490 1421 565 1481 quae
890 1402 1032 1484 (Vorenus)

271 1500 356 1583 (141)
781 1501 968 1579 Compouere
981 1501 1058 1562 Phus
1072 1502 1127 1562 Est

271 1600 358 1680 (145)
733 1599 739 1612 '

156 1734 158 1738 Α
271 1696 358 1778 (151)

270 1794 356 1875 (153)

271 1892 358 1974 (157)
419 1892 577 1969 Praecipue
591 1893 676 1953 nobIs
690 1893 813 1953 Terram
826 1892 915 1967 dedit,
930 1913 952 1954 a
962 1911 1023 1971 quo

272 1991 358 2071 (158)
441 1990 514 2049 Sunt
527 1991 621 2067 prImo
634 1990 721 2051 nobIs
735 1991 854 2050 omina¹
869 2001 939 2051 nata
952 1992 1032 2052 bona

183 2090 290 2151 LXIX.
327 2110 344 2166 3
367 2088 438 2149 Non
451 2088 547 2148 vllam
561 2101 679 2149 auratae

308 2207 344 2246 1ο
789 2187 916 2264 Fugiant
1006 2187 1167 2268 (Hnirsriaes)

182 2285 289 2345 LXXI.
330 2304 341 2342 1
367 2284 499 2361 Siquam
514 2283 578 2342 Iure
591 2285 673 2343 bono
688 2302 769 2343 sacer
784 2285 904 2345 Alarum
918 2285 1014 2345 obmit
1027 2286 1124 2346 hircus

162 2384 286 2444 LXXII.
323 2385 341 2441 6
403 2380 498 2441 Multo
510 2380 554 2439 Mi
568 2378 684 2440 Tamen
698 2381 739 2441 Es

326 2495 341 2556 7
405 2481 465 2554 Qui
479 2480 551 2539 Pote
566 2478 615 2538 Ne
628 2477 682 2538 Est
696 2480 790 2557 inquis

140 2581 213 2640 Post
230 2578 370 2640 LXXII
384 2585 512 2638 secuntur
525 2577 584 2638 Odi
604 2585 633 2635 et
652 2593 722 2635 amo
736 2576 903 2656 (LXXXV)
923 2585 980 2637 lum
1001 2577 1123 2649 LXXV,
1145 2577 1287 2651 LXXIII,

182 2678 319 2750 LXXVI,
351 2675 488 2746 LXXIV,
525 2675 646 2746 LXXX,
685 2674 838 2748 LXXVII,
876 2675 1037 2734 LXXVIII
1069 2695 1130 2737 acm
1163 2677 1289 2736 ueru'bus

183 2775 241 2833 Sed
255 2774 374 2834 nuncid
387 2773 596 2843 doleo—auus,
612 2771 749 2832 LXXIX.

210 2871 330 2931 LXXV.
347 2891 361 2929 2
811 2870 881 2930 Tuo

192 2969 330 3027 LXXIII.
348 2989 364 3041 4
387 2969 509 3027 Prodest
522 2969 582 3026 imo
596 2969 682 3026 etiam
696 2969 793 3027 taedet
807 2969 949 3045 obestque
962 2969 1057 3046 magis
1137 2968 1286 3048 (Guyctus)

329 3086 362 3139 14
616 3065 647 3124 Si
660 3065 739 3125 lubet
753 3065 870 3126 Efficies

192 3164 329 3223 LXXIX.
346 3184 363 3236 4
590 3161 735 3224 Notorum
898 3161 1051 3242 (Scaliger)

206 3261 327 3320 LXXX.
343 3266 361 3321 8
383 3261 435 3321 Ilia
450 3261 496 3320 Te
511 3261 633 3321 Emulso
647 3262 744 3320 Labra
758 3262 869 3321 Notare
884 3261 956 3321 Sero
1034 3261 1086 3342 (sic
1098 3270 1236 3323 corrector
1248 3266 1288 3324 ed.

445 3359 613 3418 Bodlerirnae
627 3362 686 3419 πίει·
697 3361 770 3435 quod
778 3360 860 3419 habet
870 3360 980 3432 mulso)

193 3458 329 3517 LXXXI.
345 3461 362 3516 6
445 3458 493 3516 Ah
506 3459 600 3517 nescis
885 3458 1061 3532 (Frutmirs)

176 3557 328 3616 LXXXII.
344 3576 361 3632 3
382 3556 501 3634 Eripere
515 3555 573 3615 Hei
589 3557 648 3616 noli

347 3675 364 3726 4
610 3654 641 3712 Si
655 3654 725 3732 quid
888 3654 1023 3735 (Stabiae)

163 3750 328 3811 LXXXVI.
345 3772 360 3810 2
587 3752 650 3812 hoec
665 3752 744 3829 Ergo

150 3850 331 3908 LXXXVII.
348 3870 364 3926 3
814 3852 850 3911 In
864 3852 979 3912 foedere

250 3946 329 4007 XCI.
347 3967 362 4005 2
607 3948 664 4007 hoc
677 3958 776 4008 nostro
792 3948 861 4009 Hoc

347 4064 363 4119 3
387 4043 476 4116 QVin
491 4054 519 4103 te
534 4062 710 4122 cognossem
724 4046 807 4118 bene,
822 4057 1045 4124 constanterque
1059 4059 1192 4124 putarem

347 4160 364 4214 4
427 4142 517 4202 Haud
531 4159 618 4221 posse
633 4164 650 4203 a
664 4145 739 4220 turpi
749 4155 878 4205 mentem
892 4144 1021 4205 inhibere
1036 4149 1144 4223 probro

510 4349 518 4381 ¹
534 4352 565 4399 In
577 4353 659 4402 erratis
670 4360 795 4403 conectam
807 4352 893 4402 omnia.
