2872 5002
138 325 197 382 242
496 339 500 345 '
539 323 596 384 DE
624 321 889 384 PARTITIONE

140 496 146 520 ¹
162 498 212 548 aut
225 490 392 550 coniectura
406 501 539 567 possunt,
553 509 589 550 ea
602 509 664 550 non
681 491 787 550 diuinis
804 487 959 549 tribuenda
979 487 1081 558 credo,
1097 487 1152 546 sed
1167 482 1287 565 peritis¹.'

140 586 242 665 Itaque
258 589 281 647 si
295 590 360 666 quis
375 588 575 649 Porsonianae
590 590 637 648 isti
654 606 775 648 normae
789 586 827 647 de
841 586 964 646 senariis
978 584 1184 662 Tragicorum
1195 583 1288 643 obiciat

139 685 221 761 quod
236 704 289 745 nec
304 697 416 746 ueteres
435 688 475 747 ita
495 687 696 765 praeceperint
716 697 745 744 et
766 687 823 744 siut
843 682 981 760 exempla
1001 683 1115 760 quibus
1135 682 1286 753 infirmetis,

139 801 210 842 casu
224 784 311 859 igitur
325 786 441 844 euenIre
458 797 489 842 ut
509 787 533 844 si
552 786 683 844 iambum
702 782 826 842 creticus
847 781 971 852 claudat,
986 780 1090 839 breuis
1112 782 1200 840 toties
1217 796 1286 858 prae·

140 881 225 940 cedat
250 882 376 958 syllaba;
403 901 454 941 cur
475 884 586 960 neges?
629 881 709 954 Quia
728 881 806 939 adeo
824 880 955 956 pluribus
977 879 1098 938 obtinet
1120 878 1194 938 locis
1212 894 1286 954 quau

140 979 264 1038 uiolatur
284 989 396 1038 utnon
420 982 547 1056 potuerit
568 997 630 1038 non
652 980 697 1038 ius
718 978 825 1038 habere
844 978 955 1043 artificii
976 994 1040 1055 quo
1062 977 1170 1053 tragici
1188 976 1287 1035 iambus

141 1093 212 1135 suos
236 1095 254 1135 a
280 1078 400 1136 comicis
423 1077 656 1137 discriminarint.
699 1076 861 1135 Adhibetur
882 1076 963 1134 enim
987 1084 1052 1133 tam
1078 1083 1246 1135 constanter
1261 1082 1288 1131 ut

140 1176 251 1234 mireris
266 1176 289 1234 si
303 1176 374 1253 quid
388 1187 491 1235 contra
504 1177 669 1237 occurrerit
713 1176 752 1236 Et
766 1176 824 1234 hoc
842 1174 962 1252 quidem
980 1173 1043 1233 iam
1065 1184 1183 1233 certum
1202 1181 1229 1231 et
1246 1190 1288 1231 cx·

140 1272 286 1347 ploratum
302 1275 445 1345 creditur;
468 1274 605 1335 incertius
620 1273 690 1332 illud
705 1273 786 1352 quod
807 1272 975 1331 Meinekius
989 1283 1020 1331 et
1035 1271 1245 1332 Lachmanuus
1256 1270 1286 1330 de

140 1370 246 1429 Horati
261 1372 436 1431 carminibus
455 1382 676 1449 praeceperunt,
690 1382 722 1431 ut
738 1371 839 1430 omnia
856 1371 886 1428 in
907 1370 1047 1447 strophas
1065 1370 1213 1447 redegerit
1228 1386 1287 1447 qua-
1327 1390 1329 1421 ι

140 1476 289 1527 ternorum
304 1488 448 1528 uersuum.
484 1469 542 1529 Vbi
556 1471 635 1530 enim
651 1469 787 1546 strophas
801 1470 866 1545 ipso
880 1477 975 1528 metro
985 1467 1132 1539 diuiserit,
1143 1477 1286 1545 quaternos

140 1570 243 1625 uersus
257 1568 378 1643 singulis
393 1568 519 1644 strophis
533 1585 643 1645 ponere
655 1587 664 1640 ;
684 1586 720 1627 ex
734 1568 770 1626 iis
784 1578 882 1626 autern
895 1583 972 1642 quae
985 1567 1136 1640 ἰσομέτροις
1150 1565 1286 1643 scripserit,

140 1679 233 1720 unum
254 1683 318 1724 esse
339 1666 420 1743 quod
441 1667 516 1725 hanc
539 1668 712 1727 diuisionem
735 1684 796 1725 non
819 1667 953 1742 patiatur,
972 1663 1027 1724 IV.
1050 1667 1069 1724 8
1081 1684 1090 1736 ;
1122 1665 1181 1725 hoc
1201 1677 1286 1723 autem

141 1761 226 1837 signa
240 1781 309 1839 prae
324 1782 355 1823 se
371 1764 443 1824 serre
457 1767 617 1825 turbarum.
659 1765 751 1838 Quod
764 1776 867 1825 contra
880 1764 905 1823 si
916 1765 981 1841 quIs
995 1763 1120 1836 dixerit3
1143 1775 1174 1823 at
1187 1773 1286 1840 septem

142 1865 253 1917 tantum
275 1879 312 1919 ex
333 1865 510 1924 carminibus
532 1864 576 1923 IV
597 1865 736 1923 librorum
761 1863 876 1940 scripsit
896 1865 1037 1936 ῐσόμσρις
1072 1880 1112 1922 ex
1133 1862 1181 1921 his
1201 1860 1250 1921 IV.
1269 1861 1286 1917 8

141 1974 263 2017 numero
277 1963 461 2035 quaternario
476 1980 537 2022 non
549 1963 692 2034 diuiditur,
703 1962 758 2023 111.
774 1981 807 2021 ra
821 1962 918 2038 potius
926 1979 979 2038 per
990 1961 1130 2038 strophas
1140 1961 1286 2021 trinommt

141 2054 309 2117 aduersatur
337 2062 514 2137 antiquitatis
538 2062 661 2132 traditio,
683 2065 708 2121 si
728 2060 847 2138 quidem
875 2061 1060 2136 grammatici
1088 2070 1205 2120 ueteres
1224 2058 1286 2118 odas

140 2160 302 2223 μονοκώλουι
316 2161 440 2219 dubiove
452 2166 627 2234 τετρακώλους
640 2161 793 2237 diligenter
807 2159 1007 2228 distinxerunt,
1021 2157 1096 2217 nihil
1109 2158 1149 2218 de
1164 2158 1221 2217 hoc
1234 2157 1287 2215 dix·

141 2265 240 2327 erunt;
269 2259 421 2332 quomodo
450 2278 512 2318 rem
537 2260 676 2319 decidas?
718 2259 853 2319 Fortasse
880 2275 943 2317 non
970 2258 1101 2333 poteris;
1137 2257 1191 2317 sed
1219 2257 1288 2316 dice

141 2369 249 2427 pausas
262 2357 423 2415 carminum
438 2358 580 2431 tooptrpuv
594 2375 661 2416 cum
677 2356 776 2434 pausis
796 2373 958 2432 congruere
978 2355 1161 2432 reliquorum
1183 2353 1287 2422 Horati,

141 2450 166 2507 si
192 2461 261 2526 post
285 2464 418 2529 quartum
443 2473 589 2531 quemque
617 2472 734 2513 uersum
759 2452 910 2526 incideris;
942 2453 1001 2512 hoc
1029 2453 1102 2513 nihil
1130 2452 1289 2529 diligentius

140 2550 319 2625 quaesiuisse
344 2551 509 2625 Horatium,
536 2553 641 2611 necin
663 2552 720 2610 ulia
740 2570 772 2611 re
793 2563 854 2611 tam
874 2562 951 2611 certe
975 2551 1121 2611 inritatum
1146 2551 1274 2611 Graecos
1281 2566 1289 2619 ;

141 2664 206 2706 esse
221 2649 305 2724 igitur
314 2650 440 2709 artificii:
456 2670 558 2727 parum
570 2652 656 2726 igitur
667 2651 763 2710 ualere
775 2651 856 2728 quod
866 2652 895 2709 in
905 2668 967 2709 uno
978 2652 1110 2710 carmine
1120 2651 1222 2710 locum
1236 2666 1289 2707 non

141 2755 246 2817 teneat,
261 2751 430 2823 praesertim
446 2752 579 2809 turbato:
595 2769 659 2810 esse
673 2762 770 2810 autem
785 2751 920 2827 strophas
934 2750 964 2807 In
979 2750 1046 2809 odis
1061 2752 1219 2824 ἰσομέτροις,
1229 2747 1290 2807 nihil

140 2843 246 2902 mimm
261 2847 284 2903 si
299 2850 474 2908 recentiores
496 2850 635 2920 dubitent,
651 2868 719 2908 cum
738 2849 894 2908 dubitarint
915 2849 1003 2907 etIam
1024 2858 1151 2920 ueteres,
1167 2848 1290 2925 idquein

141 2944 239 3000 metris
250 2947 356 3020 quibus
367 2948 395 3004 in
407 2960 543 3025 quattuor
553 2968 589 3007 ex
604 2949 648 3007 his
663 2949 734 3025 ipsis
750 2961 862 3024 septem
877 2948 1053 3007 carminibus
1069 2946 1215 3007 Horatius
1229 2963 1291 3006 usus

140 3037 241 3112 fuerit;
264 3059 332 3101 nam
347 3044 371 3102 I.
391 3064 434 3117 11,
455 3050 499 3116 18,
514 3047 566 3105 IV.
586 3066 623 3105 ro
638 3046 744 3106 eodem
758 3056 853 3105 metro
868 3047 982 3123 scripsit
996 3064 1057 3123 quo
1076 3056 1173 3104 totum
1193 3046 1290 3103 libmm

141 3138 256 3195 tertium
273 3139 411 3218 Sappho,
434 3143 488 3202 III.
508 3164 541 3203 ιι
558 3145 659 3205 Ionicis
674 3164 691 3202 a
706 3146 819 3203 minore
834 3145 939 3222 quibus
961 3145 1089 3204 Alcaeus
1110 3163 1233 3204 carmen
1253 3144 1291 3213 ἐμὲ

141 3238 229 3293 δειλὸν
242 3239 285 3309 ι’μὲ
302 3247 388 3297 πασᾶν
401 3246 544 3299 κακοτάτων
557 3246 728 3316 πιδέχοισανί
751 3243 835 3320 Signa
854 3253 953 3302 autem
973 3244 1140 3319 partitionis
1156 3261 1225 3302 cum
1239 3243 1292 3299 iam

142 3332 372 3411 Hephaestionis
388 3351 518 3417 ternpore
537 3341 692 3400 obscurata
713 3354 819 3413 essent,
841 3342 947 3400 mirum
962 3342 985 3400 si
1002 3343 1174 3417 incorrupte
1188 3359 1241 3417 per
1255 3350 1292 3397 tot

140 3436 256 3494 saecula
280 3437 317 3495 ad
339 3456 394 3497 nos
416 3440 632 3515 peruenIssent:
661 3458 732 3516 ergo
754 3459 790 3500 eo
813 3441 907 3516 magis
929 3452 956 3499 te
979 3439 1118 3498 inclinare
1141 3449 1173 3497 ut
1194 3455 1291 3496 uerum

141 3535 242 3596 credas
256 3539 336 3614 quod
351 3557 368 3597 a
384 3540 463 3597 nullo
481 3549 613 3598 uetemm
635 3539 770 3598 traditum
793 3539 830 3598 sit
850 3557 940 3614 quam
961 3547 993 3596 ut
1015 3536 1167 3596 fortuitum
1188 3536 1291 3595 habeas

141 3636 221 3711 quod
236 3656 303 3695 cum
318 3648 397 3698 tanta
414 3651 473 3697 arte
496 3639 685 3697 coniunctum
705 3638 845 3696 uideatur.
888 3635 969 3695 Hinc
991 3636 1015 3694 si
1037 3645 1064 3694 te
1086 3635 1126 3694 ad
1149 3635 1291 3694 Catullum

139 3736 325 3806 conuertens,
341 3737 481 3795 nonnulla
498 3737 628 3795 inuenies
642 3754 717 3811 quae
738 3736 924 3812 partitionem
944 3734 1103 3793 admittunt
1119 3751 1183 3792 non
1201 3733 1290 3802 dubie,

140 3841 172 3889 ut
192 3833 287 3904 LXII,
303 3835 395 3906 XLV,
410 3834 505 3906 XLII,
521 3835 632 3906 XXIX,
648 3834 744 3905 XXV,
760 3833 859 3904 XVII,
875 3831 928 3891 IV.
970 3831 1059 3907 Atqui
1083 3831 1121 3890 de
1143 3833 1292 3909 partitione

139 3931 245 3992 Catulli
263 3952 300 3992 ne
322 3952 398 3993 unus
415 3935 533 4010 quidem
555 3944 686 3992 ueterum
709 3934 781 3992 dixit
802 3933 968 4008 quicquam.
1012 3928 1101 3988 Vnde
1123 3949 1161 3989 ex
1183 3943 1212 3989 te
1233 3931 1292 4006 ipse

139 4032 278 4090 iudicium
301 4032 399 4105 iacies,
423 4052 478 4092 nec
503 4034 625 4091 dubium
649 4050 773 4090 examen
798 4031 829 4088 in
855 4029 943 4088 dubIa
964 4029 1070 4086 trutina
1096 4029 1291 4106 castigaueris

140 4129 228 4190 Nunc
250 4133 361 4210 respice
383 4151 499 4191 cannen
520 4132 644 4208 longius,
660 4130 726 4190 dico
748 4128 873 4206 Nuptias
895 4126 1030 4186 Thetidis
1050 4137 1080 4185 et
1103 4126 1194 4188 Pelei.
1236 4128 1293 4187 Pri·

140 4247 220 4288 mum
246 4241 377 4290 occurret
402 4231 482 4307 quod
507 4241 534 4290 te
559 4241 656 4290 teneat
679 4228 806 4288 Carmen
828 4227 994 4298 Parcarum,
1012 4225 1095 4303 quod
1118 4246 1137 4287 a
1158 4246 1247 4288 uersu
1266 4229 1294 4286 in

571 4438 578 4466 ¹
595 4441 644 4488 Cic.
656 4441 685 4488 de
697 4439 774 4487 DivIn.
787 4439 817 4488 II.
830 4450 852 4499 5.
