2872 5002
536 401 903 464 PROLEGOMENA.
1231 405 1292 463 lxix

181 582 255 640 Folia
276 582 375 642 habet
396 588 443 655 48.
485 584 500 643 1
529 585 675 657 Frontem,
706 584 737 644 ΙΙ
758 585 804 645 Ill
832 586 1055 657 Praelationem‚
1081 585 1140 644 IV*
1167 584 1292 644 Errores

154 682 198 738 lieet
229 679 326 738 Obuir'
362 680 564 757 Impressorrem
593 683 715 760 (nouem
748 684 831 742 lineis
863 681 1019 762 impressi),
1049 683 1093 738 V*
1120 682 1291 742 VALERII

154 776 322 836 tlTVLLI
345 779 606 842 VERONENSIS
634 782 691 841 AD
720 781 969 842 CORNELIVM
999 781 1203 842 NEPOTEM
1237 780 1292 839 Ll-

153 874 305 935 BELLVS.
349 874 451 934 XLVb
472 877 584 939 Catulli
606 880 668 938 Vita
681 891 735 955 per
758 878 928 952 Crinitum¹,
943 878 1075 938 vanb
1098 879 1199 938 Versus
1216 879 1291 937 Doc-
1347 955 1351 963 .

151 975 239 1032 tr'sn'mi
251 973 297 1032 Ios
312 974 421 1034 Franc.
435 976 573 1036 Buranae
595 978 755 1036 Veronensis
769 979 810 1036 ad
820 978 1021 1054 Hieronymum
1035 979 1094 1037 Au.
1117 977 1291 1037 ‘Censuram

151 1073 256 1149 'magni
276 1073 434 1133 laudarunt
451 1079 551 1152 prisca
578 1076 698 1151 Cynethi
722 1078 771 1151 dc.
824 1076 971 1135 XLVllI⁸
999 1077 1101 1136 Versus
1124 1076 1296 1152 Hieronymi

148 1168 264 1228 Bononii
286 1170 318 1229 T
311 1175 442 1231 areensem.
484 1175 627 1234 ‘Delituit
644 1175 746 1233 dudum
761 1175 898 1233 tenebroso
913 1182 986 1233 nocte
1001 1174 1149 1234 Catullus’
1166 1176 1213 1249 dre.
1229 1183 1291 1232 tum

147 1267 287 1327 Benedicti
293 1268 452 1345 Pamprnei.
474 1272 592 1331 ‘Ducite
604 1270 760 1331 Gordenses
773 1271 899 1331 Chorene
907 1292 981 1330 nunc
988 1274 1077 1330 ducr'ie
1087 1272 1231 1347 immpitae'
1242 1272 1291 1346 dre.

181 1366 271 1426 Caret
285 1366 404 1427 Tibullo
425 1370 575 1446 Propertio
596 1369 681 1430 Gallo
695 1388 785 1447 quam
806 1372 846 1429 ob
867 1388 986 1428 causam
1004 1370 1138 1440 nescitur,
1153 1379 1184 1428 ut
1205 1370 1292 1428 etiam

145 1481 191 1523 cur
211 1464 333 1524 unicum
354 1476 431 1525 extet
449 1469 606 1544 exemplar.
648 1467 727 1526 Dicit
747 1468 826 1525 enim
847 1466 884 1526 R.
906 1466 1009 1526 Heber
1027 1467 1148 1525 altemm
1169 1485 1200 1525 se
1221 1485 1291 1524 nus·

143 1579 230 1638 quam
251 1571 303 1621 aut
323 1562 430 1623 uidisse
451 1567 549 1624 autin
571 1565 629 1624 ullo
651 1563 794 1640 Catalogo
815 1564 862 1624 uel
890 1564 962 1624 libro
984 1565 1214 1641 bibliographico
1236 1564 1291 1622 nisi

143 1660 268 1720 Gesneri
303 1662 485 1721 nominatum
513 1665 675 1736 inuenisse;
710 1663 788 1721 idem
816 1673 916 1722 censet
943 1673 1039 1722 cetera
1073 1673 1122 1722 aut
1155 1663 1292 1721 incendio

142 1757 278 1836 periisse;
300 1770 351 1819 aut
363 1777 430 1819 cum
444 1761 588 1821 Auantius
606 1761 712 1819 libnrm
731 1778 817 1820 suum
833 1760 1025 1837 inperfectum
1046 1761 1214 1837 reliquisset,
1229 1779 1291 1819 non

142 1856 285 1934 prodiisse
306 1858 362 1916 nisi
382 1877 472 1918 unum
494 1859 575 1936 quod
598 1868 737 1936 tanquam
765 1857 862 1918 tabula
884 1878 921 1917 er
946 1859 1097 1935 naufragio
1120 1870 1290 1935 superesset.

142 1954 211 2014 Hoc
231 1955 301 2015 ideo
325 1974 387 2015 non
411 1975 512 2016 uerum
538 1958 664 2035 putarim
687 1957 777 2034 quod,
798 1968 831 2016 ut
859 1957 929 2016 nihil
957 1957 1052 2016 dicam
1076 1956 1113 2015 de
1143 1957 1234 2016 Statio
1257 1975 1291 2016 ac

142 2053 301 2131 Scaligero,
315 2064 344 2113 et
358 2054 489 2114 Muretus
503 2064 532 2115 et
545 2057 569 2114 is
582 2057 633 2132 qui
647 2066 733 2114 notas
747 2056 860 2132 scripsit
873 2056 904 2116 in
918 2056 1048 2132 margine
1058 2054 1104 2114 ed.
1115 2053 1292 2114 Bodleianae

141 2151 313 2212 casauboni
326 2151 447 2225 habitas,
463 2155 547 2213 toties
561 2173 597 2212 ea
611 2153 747 2212 exhibent
762 2170 837 2229 quae
856 2155 887 2212 in
907 2153 963 2213 bac
980 2171 1040 2212 una
1059 2152 1186 2211 editione
1208 2171 1292 2228 repe·

140 2251 251 2310 riuntur
272 2258 340 2308 ante
358 2250 542 2324 Muretinam,
562 2262 593 2311 ut
610 2252 715 2311 librum
737 2252 771 2311 iis
792 2261 908 2328 praesto
927 2250 1015 2311 fuisse
1037 2268 1147 2326 magno
1168 2251 1291 2326 pignore

139 2347 351 2406 contenderim.
392 2348 476 2407 Idem
490 2359 653 2409 monstrant
667 2349 755 2408 etiam
769 2346 893 2408 Gesneri
913 2350 1012 2419 uerba,
1027 2348 1074 2407 cui
1092 2347 1163 2406 liber
1180 2348 1292 2422 integer

141 2446 202 2504 be.
233 2445 355 2505 adiectis
379 2443 497 2504 Tibullo
521 2445 671 2523 Propertio
700 2445 785 2506 Gallo
813 2447 843 2504 in
871 2447 1006 2505 manibus
1035 2445 1122 2503 fuisse
1152 2444 1290 2506 uideatur.

141 2543 239 2604 Huius
268 2544 438 2620 scripturam
465 2562 532 2604 cum
557 2545 672 2604 Aldinis
699 2557 773 2617 1502
800 2554 829 2603 et
861 2559 937 2621 1515
966 2552 1156 2620 corporatam
1183 2558 1291 2617 operae

140 2641 268 2717 pretinm
281 2641 370 2700 habui
383 2641 430 2701 hic
445 2642 585 2702 subicere.

273 2842 297 2900 Ι.
333 2845 351 2900 8
372 2841 470 2914 Quare
484 2843 560 2902 habe
575 2843 644 2902 Hoc
659 2844 710 2902 tibi
724 2842 862 2921 quicquid
876 2853 919 2902 est
933 2841 1020 2901 libelli

368 2940 580 3018 Qualecunque
595 2940 686 3013 Quod
701 2951 764 2998 est:
789 2940 891 2998 Virum
906 2957 958 3017 per
973 2938 1034 2999 Ora

254 3037 294 3096 11.
330 3038 406 3112 7Et
420 3039 585 3098 solatiolum

327 3139 344 3194 8
407 3136 446 3195 Et
460 3147 523 3196 tum
535 3139 632 3214 grauis
647 3135 809 3213 acquiesset

311 3252 346 3293 ro
367 3233 420 3294 Est
435 3235 537 3294 tristeis

235 3331 292 3390 III.
310 3351 347 3391 ιο
590 3332 711 3409 Pipebat
725 3349 817 3409 usque

310 3449 344 3487 12
368 3430 444 3490 lllud

309 3546 344 3600 14
368 3528 460 3588 Horci

310 3630 344 3684 18
427 3627 588 3687 TVrbiduli
603 3629 732 3687 Tument

238 3724 291 3785 IV.
327 3745 344 3801 3
455 3726 589 3785 Volantis
711 3724 794 3783 Alitis

308 3842 344 3896 24
368 3824 546 3885 NOuissimo

252 3920 288 3978 V.
309 3940 341 3979 11
527 3940 564 3979 ne
579 3920 713 3980 Sciantur

237 4018 289 4077 VI.
327 4020 560 4097 7Nequaquam

309 4137 342 4175 12
366 4117 444 4177 Nam
459 4118 498 4176 Ni
513 4117 559 4176 Te
574 4117 685 4176 Pudet:
707 4118 761 4176 ista
776 4115 824 4174 Nil
836 4114 964 4175 Taceres

173 4331 181 4359 ¹
199 4333 280 4380 Petrus
297 4333 397 4380 Crinitus
413 4335 500 4395 scripsit
518 4334 579 4380 libris
596 4335 696 4394 quinque
709 4333 773 4379 Vitas
784 4333 909 4379 Poetarum
922 4330 1072 4384 Latinorun13
1091 4343 1188 4392 quorum
1202 4329 1288 4391 praela·

137 4416 198 4462 tioni
211 4429 283 4462 annus
296 4426 367 4478 1505,
379 4415 460 4476 quinto
472 4417 495 4463 in
506 4415 551 4463 fine
563 4415 701 4477 subscriptus
712 4423 746 4463 ert
762 4425 832 4476 1511.
