2872 5002
517 399 885 461 PROLEGOMENA.
1239 410 1328 468 xxxix

122 579 162 637 aiii
186 581 217 637 in
239 580 408 643 Thuanaeo
430 584 603 645 uiderentur.
647 584 737 658 Quod
759 595 838 662 patet
858 587 947 644 etiam
967 584 1061 645 latius.
1105 586 1184 646 Nam
1206 599 1274 647 ante

119 673 225 733 LXIV.
243 690 302 750 355
321 677 511 755 Troiugenum
528 681 628 759 iry‘eslo
641 686 820 755 prosternens
838 690 954 756 corpora
963 681 1054 756 ferro
1074 700 1150 740 unus
1170 700 1273 742 uersus

117 772 267 844 intercidit,
286 784 365 833 utet
384 794 422 834 ex
444 777 527 836 metri
547 777 613 853 lege
634 787 756 854 apparet
777 787 805 835 et
827 778 986 850 sententia;
1012 778 1089 836 hunc
1111 778 1135 836 si
1157 789 1272 838 sextum

115 870 264 931 decimum
286 873 410 933 facimus
430 877 565 952 paginae,
587 894 662 953 quae
684 887 820 935 secuntur
840 886 939 934 autem
960 876 991 933 in
1013 877 1137 952 paginas
1155 878 1190 933 16
1206 896 1272 935 uer·

36 1036 39 1041 ¹
115 986 198 1027 suum
213 972 323 1046 pariter
336 971 541 1045 distribuimus,
553 992 654 1032 uersus
667 973 714 1032 ille
727 983 795 1049 post
811 976 869 1048 386
884 973 1073 1049 interpolatus
1088 973 1273 1050 Languidior

113 1075 204 1125 onera
219 1073 272 1128 cui
277 1072 397 1146 pendens
410 1074 498 1130 sr‘culo
512 1073 571 1130 beta
586 1073 697 1150 primus
711 1072 743 1130 fit
756 1072 891 1148 paginae,
907 1091 966 1149 quo
985 1072 1068 1130 facile
1084 1090 1120 1130 ex
1134 1072 1201 1130 loco
1216 1090 1271 1131 suo

112 1167 260 1225 transferri
274 1170 377 1244 potuit,
390 1188 459 1229 mox
474 1169 567 1229 LXV.
580 1172 597 1228 8
610 1169 745 1244 Ereptum
762 1171 865 1227 nostris
876 1169 975 1227 obierit
986 1189 1025 1228 ex
1039 1170 1126 1226 oculis
1140 1170 1271 1246 quintus·

112 1262 247 1324 decimus
261 1276 305 1325 est
320 1267 392 1327 alius
407 1269 538 1345 paginae,
553 1268 652 1327 locum
667 1268 740 1326 sexti
746 1246 860 1325 'decimi
874 1268 986 1326 obtinet
999 1268 1142 1343 Alloquor
1157 1268 1271 1325 audiero

112 1382 257 1438 nunquam
273 1371 323 1422 ino
375 1367 530 1441 loquentem,
545 1367 607 1425 siue
628 1366 745 1425 mutilus
766 1366 790 1423 is
811 1376 855 1423 est
877 1366 940 1425 siue
960 1367 1170 1442 supposititius,
1183 1383 1270 1425 uerus

112 1463 191 1519 enim
218 1451 320 1521 uersus
343 1463 454 1522 facilius
478 1464 508 1522 in
533 1463 587 1522 hac
613 1463 683 1521 sede
710 1463 855 1539 periturus
883 1473 953 1522 erat.
996 1462 1098 1540 Itaque
1126 1464 1270 1523 habemus

112 1575 233 1615 causam
269 1575 322 1615 cur
354 1557 413 1615 duo
442 1576 543 1617 uersus
576 1557 745 1628 exciderint,
773 1558 873 1615 tertius
901 1576 938 1617 ex
971 1558 1039 1617 loco
1068 1576 1122 1617 suo
1151 1557 1269 1617 tralatus

112 1653 204 1724 fuerit,
235 1656 259 1713 si
288 1654 395 1713 Catulli
426 1654 605 1731 archetypon
640 1654 677 1712 ad
712 1653 791 1711 hunc
827 1672 982 1712 numerum
1014 1657 1049 1712 16
1085 1673 1268 1714 reuocamus.
1304 1651 1305 1655 ’

112 1751 204 1824 Quod
227 1753 314 1811 etiam
335 1752 514 1812 manifestius
535 1753 627 1811 elucet
641 1753 672 1809 in
686 1771 711 1809 c.
726 1751 807 1812 LXI.
849 1746 995 1810 Ibi·enim
1015 1762 1084 1828 post
1098 1772 1127 1813 u.
1142 1772 1180 1828 49
1199 1751 1268 1812 Cae·

111 1851 194 1908 litun
212 1849 396 1924 Ohymenoee
414 1852 509 1925 hymen
530 1852 659 1927 sequitur
672 1851 702 1908 in
723 1850 870 1926 plerisque
891 1850 1042 1909 codicibus
1066 1850 1268 1927 Compararier

111 1951 195 2019 auso't,
220 1951 269 2028 qui
292 1961 361 2027 post
386 1952 421 2007 16
442 1968 544 2010 uersus
564 1951 669 2008 iterum
692 1949 722 2006 in
744 1966 797 2007 sua
818 1946 888 2007 sede
908 1939 1021 2030 positus
1042 1960 1094 2008 est.
1137 1949 1208 2009 Hoc
1228 1951 1268 2009 ita

111 2047 246 2106 euenisse
267 2048 366 2107 credo.

152 2146 299 2223 Scriptum
314 2146 407 2205 fuerat
420 2147 556 2206 carmen¹
571 2145 685 2205 duabus
702 2144 847 2204 columnis
868 2162 1005 2205 uersuum
1028 2164 1132 2206 senum
1155 2146 1265 2206 denum

109 2245 169 2305 boc
183 2246 292 2305 modo:
379 2268 392 2288 ο

358 2392 420 2435 cot.
436 2393 455 2433 1.
909 2393 974 2434 con.
989 2393 1019 2434 11.

111 2494 150 2552 49
174 2473 316 2532 Caelitum
332 2490 352 2532 o
367 2472 541 2551 Hymenaee
556 2469 677 2548 Hymen
719 2471 765 2529 Te
780 2470 897 2530 uolente
911 2473 976 2549 quis
991 2472 1057 2530 huic
1073 2471 1130 2530 deo
1223 2476 1263 2547 65

541 2568 745 2646 Compararier
758 2570 833 2628 ausit
1225 2572 1263 2630 66

112 2717 151 2777 50
174 2702 339 2781 OHymen
355 2702 528 2780 Hymenaee
691 2701 780 2760 Nulla
794 2701 857 2779 quit
871 2700 934 2760 sine
948 2709 977 2760 te
991 2700 1097 2760 domus
1224 2704 1261 2777 67

151 2818 228 2879 Cum
242 2820 330 2896 igitur
345 2816 545 2894 compararer
557 2820 635 2877 orur‘i
646 2836 716 2877 casu
733 2817 831 2894 aliquo
852 2835 914 2876 non
935 2819 963 2873 ἐκ
983 2818 1154 2890 παραλλήλου
1174 2817 1264 2877 uersi·

110 2919 166 2977 bus
181 2921 219 2992 65
237 2927 266 2976 et
281 2920 319 2992 67
336 2918 389 2978 sed
410 2936 428 2975 a
448 2918 562 2976 sinistra
582 2917 676 2993 magis
696 2924 792 2986 staret,
812 2916 906 2974 scriba
926 2916 1128 2992 interpositum
1148 2917 1263 2994 utrique

110 3016 265 3075 columnae
279 3018 408 3075 inseruit.

151 3114 236 3173 Haec
250 3116 275 3173 si
289 3133 358 3174 uere
373 3113 517 3191 disputata
530 3122 607 3184 sunt,
622 3112 802 3188 archetypon
816 3111 1014 3188 redintegrare
1030 3113 1071 3171 sic
1091 3114 1261 3189 poterimus.

111 3211 297 3290 Sumpsimus
312 3212 422 3272 LXIV.
439 3227 496 3288 355
513 3213 638 3288 primum
652 3212 741 3270 fuisse
758 3211 884 3286 paginae
893 3229 901 3282 ;
924 3211 1028 3287 prioris
1049 3212 1135 3287 igitur
1150 3215 1260 3289 primus

110 3310 162 3370 fuit
174 3330 204 3369 u.
221 3331 280 3388 340
298 3311 359 3383 Qui
360 3321 493 3387 persaepe
508 3331 580 3387 uago
591 3313 680 3368 uictor
693 3312 840 3368 certamine
852 3328 960 3368 mersus.
1003 3309 1083 3370 Hinc
1098 3311 1137 3370 ad
1147 3312 1261 3372 initium

108 3427 201 3486 usque
216 3410 351 3470 carminis
364 3428 466 3470 uersus
479 3410 537 3468 hoc
552 3410 655 3470 ordine
671 3427 701 3469 se
717 3408 874 3484 excipiunt.

183 3595 310 3636 proluar
332 3596 404 3636 ΙΜΑΕ
425 3593 556 3637 putores,
747 3593 874 3633 PAGINAE
896 3592 1015 3634 SVMMAE
1036 3593 1241 3634 POSTERIORES.

60 3711 118 3768 339
141 3691 286 3751 Hostibus
300 3690 379 3749 haud
394 3702 476 3768 tergo
683 3708 741 3764 340
764 3688 824 3761 Qui
839 3707 980 3765 persaepe
996 3707 1074 3764 uago

59 3809 117 3866 323
141 3789 169 3849 O
185 3790 275 3849 decus
290 3790 429 3849 eximium
683 3807 741 3862 324
763 3786 917 3845 Emathiae
933 3797 1063 3844 tutamen
1077 3786 1163 3861 opis²

90 3936 98 3965 ¹
115 3939 227 3985 Poemata
244 3938 359 3985 columnis
376 3938 435 3985 binis
452 3938 535 3997 scripta
554 3936 623 3981 fuisse
640 3935 724 3981 docent
740 3949 788 3980 non
804 3934 870 3994 pauci
886 3934 992 3988 codices;
1016 3933 1048 3978 sic
1065 3931 1160 3991 scriptus
1183 3940 1218 3979 ert
1238 3933 1312 3980 codex

55 4020 211 4068 Menonensis
229 4020 401 4083 tragoediarum
422 4020 521 4066 Senecae
539 4020 601 4066 Sacc.
620 4017 684 4073 XIV,
701 4018 734 4063 sic
753 4018 801 4077 ipse
818 4016 968 4070 Thuanaeus,
985 4018 1025 4068 tic,
1043 4015 1081 4060 sed
1105 4017 1269 4062 tautummodo
1288 4018 1312 4065 iu

53 4104 110 4151 locis
127 4104 167 4149 ubi
185 4104 302 4149 breuiores
319 4118 395 4149 uersus
412 4113 473 4158 sunt,
491 4102 564 4148 codex
584 4101 756 4160 antiquissimus
773 4100 900 4154 Prudentii,
918 4101 982 4146 Saec.
1002 4096 1054 4150 Vll,
1072 4097 1109 4142 uel
1127 4096 1192 4154 Vlll,
1208 4108 1313 4149 seruatus

54 4187 76 4231 in
88 4185 231 4232 bibliotheca
243 4186 375 4241 Bodleiano,
387 4186 418 4231 sic
431 4184 508 4232 Boetii
519 4185 620 4230 carmina
632 4185 655 4230 in
667 4184 725 4230 libro
738 4183 766 4229 de
779 4182 938 4228 Consolatione
949 4179 1124 4241 Philosophiae.

85 4265 95 4292 ²
112 4267 197 4314 inclusi
214 4282 251 4315 uu.
271 4278 384 4328 334-337
402 4281 534 4327 quanquam
552 4283 566 4313 a
582 4266 660 4313 multis
677 4265 788 4326 exemplis
805 4264 896 4313 absunt.
942 4263 973 4308 Vt
990 4263 1052 4308 enirn
1070 4262 1118 4309 ueri
1135 4261 1209 4310 simile
1226 4264 1255 4310 sit
1272 4280 1313 4314 eor

51 4351 128 4411 aliquo
145 4359 253 4410 tempore
268 4349 292 4396 in
303 4352 405 4414 margine
417 4349 543 4410 adscriptos
558 4350 633 4405 fuisse,
646 4348 752 4396 habuisse
764 4363 803 4395 eos
820 4346 962 4408 archetypon
976 4346 998 4391 in
1013 4354 1126 4393 contextu
1138 4361 1167 4393 ex
1184 4354 1233 4393 tota
1246 4348 1312 4395 dinu-

53 4435 184 4481 meratione
197 4432 254 4480 mihi
266 4447 397 4494 persuasum
408 4443 451 4482 cst.
