2872 5002
222 337 309 396 xxxvi
611 334 978 419 Paotpoonrans.

223 517 371 595 Hauptius
385 518 451 578 iacit
468 521 584 597 triginta
602 520 735 601 (Quaest.
751 541 778 600 p.
795 520 856 600 41l
897 519 1015 579 Deinde
1029 517 1141 576 LXIV.
1156 532 1298 593 334-337
1315 531 1369 574 non

224 629 365 688 numerat,
393 637 447 678 nec
475 618 646 679 LXXVIII.
669 634 750 694 7-10
778 618 837 679 Sed
860 639 936 678 nunc
962 619 996 676 id
1020 619 1142 676 duleo—
1157 635 1239 686 anses,
1268 633 1324 672 nec
1351 630 1372 673 c

224 714 389 774 LXXXIV.
410 737 437 793 3,
458 737 485 791 4,
506 737 561 777 nec
583 718 680 778 XCII.
703 740 730 796 3,
753 738 770 791 4
793 736 860 777 cum
885 718 916 776 hi
939 735 1041 776 uersus
1061 717 1092 774 in
1113 715 1247 790 margine
1269 710 1374 771 codicis

224 814 262 873 ad
290 814 440 874 Veronam
468 817 577 875 reducti
605 818 702 894 scripti
730 817 819 877 fuisse
846 817 1006 886 uideantur,
1031 815 1110 874 unde
1140 811 1252 873 LXIV.
1280 808 1376 886 334-6

224 913 320 974 XCII.
336 933 364 988 3,
380 933 397 987 4
412 915 442 972 in
463 915 607 993 plerisque
630 916 709 975 libris
730 916 839 987 omIssi,
861 914 1031 973 LXXXIV.
1048 932 1075 988 3,
1092 933 1109 986 4
1128 913 1161 971 in
1181 911 1323 971 omnibus
1342 925 1378 967 ex

224 1012 291 1071 loco
315 1030 369 1072 suo
392 1025 511 1089 postu.
540 1034 577 1072 ιο
598 1014 732 1073 collocati
755 1024 831 1073 sunt.
875 1013 1029 1073 Praeterea
1052 1029 1142 1070 unam
1169 1010 1313 1087 paginam
1341 1024 1379 1082 3ο

224 1130 369 1181 uersuum,
385 1132 410 1171 c.
426 1111 539 1170 LXXV
553 1124 581 1171 et
596 1112 726 1171 LXXVI
741 1114 951 1181 continentem,
965 1130 1002 1170 ex
1016 1110 1084 1169 loco
1104 1126 1159 1168 suo
1177 1109 1209 1166 in
1228 1107 1380 1166 codicibus

223 1209 378 1281 turbatam,
393 1211 434 1269 sic
449 1213 627 1288 transposuit
641 1223 673 1270 ut
687 1213 850 1271 carminum
870 1210 917 1270 hic
939 1210 1012 1270 ordo
1027 1207 1182 1277 suaderem
1203 1203 1346 1264 LXXIV.
1359 1204 1378 1261 6

225 1324 313 1384 quem
334 1326 452 1367 uersum
468 1310 498 1367 in
517 1310 574 1370 fine
595 1311 721 1386 paginae
737 1312 774 1385 67
790 1310 905 1380 statuit3
928 1302 1304 1367 LXXVII-LXXXVIL
1321 1323 1376 1375 4=

225 1424 275 1483 pp.
291 1407 340 1476 68,
356 1407 394 1480 69
404 1425 412 1478 ;
435 1406 557 1480 LXXV,
571 1407 771 1484 LXXVI=p.
789 1421 844 1481 703
866 1404 1065 1466 LXXXVIII.

267 1502 304 1560 In
327 1503 382 1561 hac
409 1505 603 1580 descriptione
631 1507 803 1583 paginarum
832 1523 893 1563 non
917 1522 1022 1581 queror
1043 1502 1259 1562 Lachmannun
1280 1516 1381 1558 uersus

226 1611 329 1660 contra
348 1601 438 1660 fidem
460 1603 595 1661 codicum
616 1603 788 1675 inseruisse;
810 1621 880 1660 nam
900 1602 992 1661 multa
1012 1600 1155 1660 excidisse
1174 1599 1257 1676 apud
1277 1614 1381 1657 omnes

227 1709 349 1757 constat.
390 1699 467 1758 Eam
491 1700 594 1760 salsam
619 1711 717 1761 tamen
739 1719 804 1760 esse
827 1701 918 1760 multa
942 1701 1079 1771 indicant,
1101 1709 1134 1758 ut
1157 1698 1217 1758 iam
1242 1713 1382 1774 perspex-

226 1808 311 1856 erunt
338 1799 522 1859 Froehnerus
550 1799 694 1877 Bergkius
723 1800 897 1859 Leutschius
925 1799 1085 1860 Boehmius
1112 1798 1169 1857 alii.
1214 1796 1257 1856 Vt
1281 1793 1382 1872 singil-

227 1896 308 1953 latim
330 1897 429 1954 omnia
449 1916 614 1975 persequar,
636 1900 702 1974 quis
723 1900 821 1958 eredat
837 1899 867 1956 in
881 1918 907 1959 c.
922 1899 937 1958 I
952 1899 1092 1957 amissum
1113 1897 1273 1974 quicquam
1294 1894 1381 1955 esse?

228 1993 307 2052 Nihil
331 1993 369 2052 ad
391 1997 564 2054 sententiam
587 1998 678 2066 deest,
704 2014 763 2055 una
786 1997 895 2073 syllaba
915 1998 954 2056 ad
977 2009 1124 2068 metrum;
1153 1994 1257 2054 decem
1279 2010 1381 2053 uersus

228 2092 416 2152 incoluisse
436 2095 541 2169 probat
561 2095 648 2153 etiam
670 2094 810 2154 MartiaIIs
831 2097 957 2155 imitator
977 2096 1008 2153 ln
1029 2096 1240 2172 epigrammate
1254 2092 1325 2150 VIL
1343 2093 1380 2149 ab

229 2192 310 2267 quod
325 2191 477 2250 manifeste
491 2191 547 2251 huc
557 2192 685 2263 refertur,
700 2194 796 2269 ipsum
812 2205 910 2252 autem
925 2193 1027 2252 decem
1042 2212 1145 2253 uersus
1158 2192 1257 2252 habet.
1292 2190 1380 2249 Mitto

229 2308 255 2347 c.
281 2288 311 2346 II
335 2289 365 2347 in
389 2306 449 2365 quo
474 2288 627 2348 desiderari
652 2291 792 2349 nonnulla
819 2291 905 2349 docet
933 2291 990 2349 loci
1018 2291 1172 2350 sententia.
1222 2289 1283 2349 Sed
1312 2288 1381 2347 nihil

228 2387 302 2459 inc.
317 2385 354 2445 X.
376 2386 472 2445 euenit
492 2386 667 2456 huiusmodi,
690 2406 744 2446 nec
766 2398 846 2447 tanta
868 2389 941 2448 fides
961 2386 1115 2448 tribuenda
1133 2399 1177 2447 est
1198 2398 1315 2447 uetusto
1337 2386 1381 2445 isti

228 2486 333 2556 codici,
355 2485 391 2544 de
413 2503 473 2561 quo
493 2485 620 2562 loquitur
633 2485 801 2545 Alexander
822 2486 978 2559 Guarinus,
999 2498 1030 2545 ut
1052 2505 1140 2546 sensu
1161 2487 1299 2546 carminis
1320 2503 1382 2543 non

229 2596 378 2662 poscente,
396 2595 499 2644 contra
517 2585 687 2661 interpretes
708 2584 864 2662 plerosque
885 2596 914 2645 et
936 2586 1031 2661 ipsum
1054 2584 1227 2655 Guarinum,
1245 2584 1382 2643 lacunam

228 2684 259 2741 in
274 2703 310 2742 eo
325 2683 577 2759 deprehendamus
587 2683 606 2740 ¹.
648 2682 685 2740 In
700 2702 724 2743 c.
743 2682 812 2741 LXI
828 2694 885 2743 tres
899 2702 1002 2742 uersus
1017 2694 1083 2759 post
1096 2702 1125 2741 ιι.
1137 2681 1224 2761 (107)
1237 2682 1382 2742 excidisse

230 2783 337 2840 docent
352 2782 483 2852 numeri;
506 2780 558 2838 sed
572 2780 676 2838 horum
697 2801 789 2840 unum
810 2800 875 2841 esse
896 2801 963 2841 eum
985 2783 1086 2859 quiin
1107 2781 1259 2841 codicibus
1273 2800 1302 2840 u.
1315 2778 1382 2859 (79)

230 2881 366 2955 sequitur,
384 2877 470 2948 Quem
484 2884 572 2936 tumen
586 2881 678 2955 magis
691 2880 813 2951 andeins,
828 2899 883 2939 nec
897 2899 951 2957 per
965 2899 996 2939 se
1010 2880 1165 2939 uerisimile
1180 2890 1234 2953 est,
1249 2877 1383 2958 (stropha

230 2978 310 3036 enim
334 2977 436 3034 melius
459 2995 477 3034 a
498 2976 635 3034 uocatiuo
660 2978 759 3054 incipit
783 2978 809 3036 0
828 2977 924 3057 cubile)
945 2998 1000 3038 nec
1023 2978 1265 3038 Lachmanniano
1286 2977 1383 3038 ordini

229 3075 402 3151 paginarum
425 3073 571 3132 conuenit.
614 3072 662 3131 Sic
683 3076 811 3133 enimin
833 3095 892 3135 una
913 3079 1021 3153 pagina
1041 3094 1142 3135 uersus
1163 3085 1232 3135 sunt
1256 3095 1304 3151 31.
1346 3074 1384 3134 In

231 3191 256 3231 c.
271 3170 355 3229 LXV
375 3170 583 3229 Lachmannus
604 3182 671 3247 post
685 3190 712 3230 u.
729 3175 755 3245 6,
771 3174 820 3231 ubi
842 3175 968 3250 spatium
988 3176 1074 3232 unius
1094 3175 1212 3233 uersus²
1232 3175 1264 3233 in
1285 3173 1384 3233 multis

231 3271 383 3330 codIcibus
407 3269 537 3327 relictum
562 3278 614 3340 est,
637 3288 689 3328 sex
712 3289 813 3330 uersus
837 3273 946 3342 inserit,
972 3272 1112 3331 LXVIII.
1141 3291 1229 3345 21-4‚
1255 3275 1332 3346 (93),
1354 3282 1384 3331 et

231 3367 297 3449 (92)
321 3369 373 3428 sed
395 3369 511 3428 mutatis
538 3370 634 3426 uerbis
661 3369 790 3429 Abstulit
810 3372 838 3428 ei
859 3373 889 3430 in
916 3369 1074 3446 Nunquam
1097 3391 1145 3448 ego
1168 3378 1202 3429 te.
1245 3370 1337 3443 Quod
1359 3372 1385 3430 si

230 3488 334 3528 uerum
356 3478 408 3540 est,
430 3476 567 3543 quattuor
589 3485 690 3526 uersus
714 3467 844 3528 Catullus
866 3480 909 3529 ter
930 3472 1051 3545 repetiit,
1074 3489 1144 3527 nam
1167 3468 1311 3528 LXVIII.
1335 3487 1384 3540 20,

234 3587 281 3639 ιι,
298 3587 345 3642 23,
363 3586 400 3640 ²4
414 3567 551 3624 iterantur
565 3565 652 3623 etiarn
671 3567 701 3624 in
722 3567 828 3625 eodem
849 3569 976 3626 carmine
991 3565 1065 3645 (92),
1080 3565 1196 3646 (94-6),
1210 3579 1242 3627 ut
1256 3569 1333 3626 bene
1348 3568 1385 3627 de

232 3684 268 3725 eo
293 3668 356 3741 ipse
379 3664 481 3724 dixerit
505 3662 715 3722 Lachmannus
740 3666 863 3741 ‘quibus
884 3665 1015 3724 uersibus
1040 3666 1142 3742 aliquis
1165 3667 1202 3724 sit
1222 3684 1294 3725 usus
1315 3677 1386 3743 apto

232 3765 330 3836 ‘loc0,
354 3763 475 3824 eosdem
501 3761 699 3820 inreuocatum
722 3764 822 3822 iterare
847 3773 876 3822 et
901 3765 1037 3841 pauperis
1059 3764 1169 3840 ingenii
1193 3775 1237 3822 est
1265 3775 1296 3824 et
1321 3764 1386 3822 nul·

232 3864 309 3922 ‘lius
331 3860 459 3939 Ingenii!
502 3859 628 3939 (Lucret.
657 3879 685 3937 p.
709 3860 770 3940 6ι.)
812 3861 883 3921 Post
906 3861 1049 3922 LXVIII.
1077 3864 1118 3935 46
1146 3881 1215 3922 cum
1243 3863 1387 3922 nonnulla

266 4055 274 4083 ¹
291 4057 363 4103 ‘Post
373 4054 453 4115 inquio
464 4053 553 4114 puellae
558 4053 663 4113 senestm
675 4054 775 4116 sequitur
784 4054 809 4101 in
820 4054 896 4101 codiee
907 4064 1000 4112 uetusto,
1013 4069 1070 4117 quoe
1080 4070 1127 4101 nou
1138 4054 1211 4102 lucem
1222 4062 1247 4100 ut
1258 4062 1334 4101 cetera
1346 4053 1388 4100 sed

234 4137 409 4185 ‘obscuritatem
417 4135 494 4197 potius
501 4144 612 4196 peneum,
623 4145 648 4182 ut
659 4136 682 4182 in
694 4138 832 4199 sequestribus
840 4133 978 4198 patet'(lol.
990 4137 1057 4197 XI.·)
1075 4138 1196 4197 Quantum
1204 4137 1273 4185 Alex.
1280 4138 1387 4184 Guarino

233 4219 373 4268 credendum
384 4219 413 4265 sit
420 4233 450 4266 ex
460 4219 599 4280 comparatis
609 4219 673 4274 locis,
682 4221 720 4267 ubi
729 4221 757 4268 de
769 4230 862 4267 uetusto
873 4221 954 4267 codice
965 4221 1074 4282 loquitur,
1085 4221 1172 4267 facilius
1180 4221 1310 4281 apparebit.
1334 4221 1386 4268 Hos

233 4302 349 4366 congessit
362 4300 496 4350 Schmbius
508 4303 532 4348 in
543 4301 621 4349 Indice
632 4302 751 4350 scolarum
763 4303 900 4364 Dorpatensi
912 4305 967 4350 anni
981 4300 1053 4364 1865,
1065 4318 1103 4366 pp.
1116 4315 1155 4358 1².
1168 4314 1209 4363 13.

266 4383 276 4413 ¹
293 4384 347 4432 Elus
358 4385 399 4447 qui
411 4385 434 4432 in
446 4384 495 4433 aliis
507 4385 539 4432 sle
550 4385 636 4448 legitur
647 4384 774 4448 Alloquor,
785 4385 883 4434 audiero
893 4400 1011 4450 empnam
1022 4394 1063 4434 tuo
1138 4384 1287 4449 mummi
