3158 5168
285 461 348 526 158
723 458 989 524 CATVLLI

371 649 457 715 Cum
481 646 573 712 Medi
595 655 739 730 peperere
762 667 886 711 nouum
909 667 1009 725 mare,
1029 666 1168 730 cumque
1182 645 1345 713 'iuuentus
1405 675 1441 724 4⁵

413 761 476 826 Per
497 761 645 825 medium
668 760 764 825 classi
787 760 926 824 barbara
950 761 1041 824 nauit
1062 759 1191 827 Athon.

370 874 461 958 Quid
484 873 605 938 sacient
628 872 742 951 crines,
765 892 840 937 curn
864 872 948 936 lerro
970 871 1050 936 talia
1072 870 1215 938 cedant?

416 987 576 1069 Iuppiter,
599 995 636 1049 ut
659 983 849 1067 Chalybum
871 1004 971 1048 omne
987 1005 1091 1066 genus
1114 993 1236 1068 pereat,

369 1097 418 1164 Et
439 1099 496 1181 qui
518 1097 678 1180 principio
701 1097 763 1161 sub
785 1105 872 1160 terra
894 1116 1051 1178 quaerere
1074 1117 1176 1162 uenas

414 1211 539 1276 Institit
561 1229 600 1274 ac
623 1208 698 1272 ferri
718 1207 878 1290 stringere
900 1209 1071 1274 duritiem!
1407 1237 1443 1288 50

319 1486 364 1549 48.
383 1480 474 1535 Schol.
492 1477 620 1548 Apollon.
641 1477 742 1532 Rhodii
757 1477 795 1534 ll.
810 1494 869 1545 373.
907 1479 940 1533 Oi
958 1479 987 1533 bl
1005 1480 1127 1546 Χάλυβας
1144 1479 1217 1536 ἔθνος
1234 1479 1359 1536 Σκυθικὸν
1371 1482 1440 1550 μετὰ

283 1555 330 1610 τὸν
351 1552 529 1621 θερμῶδοντα,
550 1547 574 1602 oi
595 1549 712 1618 pirella
733 1549 842 1620 σιδήρου
863 1549 980 1620 εὑρόντες
1000 1551 1132 1622 μοχθοῦσι
1149 1552 1209 1620 περὶ
1232 1552 1279 1620 τὴν
1299 1552 1439 1621 ἐργασίαν.

283 1623 430 1692 ἐκλήθησαν
451 1621 479 1674 bi
498 1621 618 1684 Χάλυβες
636 1619 687 1674 ἀπὸ
708 1622 830 1685 Χάλυβος
849 1624 896 1675 τοῦ
910 1619 1011 1691 'Apsus
1031 1623 1097 1676 ulai·
1135 1622 1268 1692 Μέμνηται
1289 1621 1374 1677 αὐτῶν
1396 1623 1440 1678 sul

284 1694 371 1749 Καλλί
442 1707 462 1748 s·

371 1701 440 1764 μαχο
671 1760 800 1826 Χαλύβων
812 1762 846 1818 ὡς
858 1761 982 1817 inbono
994 1761 1068 1832 uiuos

495 1829 599 1887 Γειόθεν
610 1830 779 1899 ἀντέλλοντα,
792 1834 868 1886 κακὸν
879 1835 971 1904 φυτόν,
986 1829 1013 1887 oi
1022 1855 1067 1899 pru
1078 1833 1184 1904 ἔφηναν.

197 1933 201 1940 ’
284 1905 362 1960 ldem
374 1904 410 1958 ad
424 1903 447 1959 Ῑ.
462 1921 539 1970 1323.
558 1904 678 1968 Χάλυβος
689 1903 762 1958 ἔθνος
774 1903 889 1971 Σκυθίας,
899 1903 965 1958 ὅπου
978 1906 992 1956 rl
1005 1903 1112 1975 σίδηρος
1120 1904 1227 1976 γίνεται.
1255 1901 1438 1976 Καλλίμαχος·

707 1971 838 2044 ΙΧαλύβων
850 1975 884 2030 u'ss
896 1973 1023 2030 ἀπόλοιτο
1031 1976 1114 2046 γένος.

321 2287 365 2337 45.
400 2270 514 2324 Turno
578 2267 650 2324 medi
663 2288 712 2324 om.
725 2269 776 2322 AG
841 2281 989 2338 properare
1002 2268 1053 2320 ΗΡ
1113 2235 1262 2338 propriis
1313 2285 1438 2339 prupere

283 2343 322 2396 ed.
335 2344 423 2396 Paris.
436 2344 506 2396 Suec.
519 2341 579 2395 XV.
668 2352 781 2403 propere
796 2349 853 2394 cerr.
942 2354 1076 2408 peperere
1089 2341 1161 2406 Itali,
1174 2341 1246 2408 idque
1256 2343 1311 2394 iam
1324 2345 1438 2412 interpo-

284 2413 367 2468 latum
380 2413 474 2482 legitur
486 2415 512 2466 iu
527 2413 577 2464 Vir.
591 2411 691 2464 Vossius
704 2407 805 2479 (collar.
818 2409 913 2464 Marii.
927 2411 955 2462 V.
969 2427 1002 2474 49
1017 2425 1072 2462 non
1089 2409 1201 2463 inuehet
1213 2412 1292 2464 undis
1311 2411 1438 2482 Persida,

284 2499 337 2537 nee
349 2483 459 2552 pelagus
479 2483 588 2536 Xerxes
606 2481 742 2548 facietque
761 2479 914 2548 tegetque,)
930 2480 1033 2549 Vulpius
1049 2481 1176 2535 Bmtleius
1192 2483 1229 2534 ad
1246 2483 1340 2536 Manu.
1355 2486 1384 2537 V.
1398 2503 1436 2550 49

286 2555 466 2609 Valckenarius
478 2554 633 2622 Deeringius
646 2553 774 2622 Hauptius
787 2554 819 2605 L.
833 2552 972 2605 Muellerus
1011 2566 1110 2619 rupere
1123 2553 1188 2606 Itali
1200 2554 1247 2606 Ar.
1261 2554 1394 2608 Guarinus
1407 2559 1437 2609 in

262 2627 463 2679 .cummenturiu
481 2625 597 2678 Heinsius
617 2624 766 2675 Behreusius
786 2626 819 2690 cf.
833 2625 889 2676 Seu.
907 2621 977 2674 Med.
992 2638 1040 2686 302
1157 2622 1280 2692 lrmpere
1300 2626 1437 2680 Auancius

283 2696 413 2765 pepulere
438 2697 535 2750 Statius
560 2695 692 2748 Sautenius
716 2695 785 2762 apud
808 2693 896 2746 Valck.
920 2693 958 2746 ad
979 2692 1078 2746 Catulli
1101 2691 1175 2762 Eleg.
1200 2694 1304 2748 Gallim.
1324 2707 1353 2763 p.
1382 2713 1435 2761 ¹4²

284 2768 429 2836 propulere
449 2767 500 2818 Ἥ.
517 2767 551 2819 R.
569 2767 630 2819 Act.
648 2767 699 2817 len.
721 2765 786 2818 Litt.
805 2783 832 2817 a.
856 2768 934 2829 1830,
946 2775 975 2833 p.
997 2764 1064 2828 135’
1091 2763 1237 2832 (Schuuub.)
1262 2765 1436 2820 Rossbachius

283 2836 517 2906 fodereBergkius
587 2833 717 2888 ecfodere
731 2835 791 2889 Gul.
804 2835 916 2904 Wagner
993 2839 1076 2902 atque
1090 2833 1266 2888 ACGHLLa¹
1351 2837 1437 2895 liqut:

282 2915 313 2963 al.
329 2927 389 2963 curn
413 2928 445 2962 uo
458 2908 491 2959 B.

321 2980 364 3043 ⁴⁶·
393 2927 525 3030 (ilassisl’
595 2980 673 3028 natat
686 2973 746 3030 [αἱ.

285 3062 379 3172 D⁴⁷1li
399 3044 533 3168 ἰεὲοἰὲηῐθ
587 3045 672 3100 facies
686 3046 711 3097 V
759 3043 926 3100 iacerentur
979 3044 1256 3101 lacianthSuuteuius
1316 3047 1437 3103 credant

314 3139 332 3172 a
379 3138 401 3172 c.
432 3135 476 3172 o.

320 3193 363 3254 48.
398 3191 506 3241 coliium
528 3184 889 3242 ACDGHLLa¹VRic.606
994 3188 1096 3240 celtum
1110 3185 1162 3242 La'
1271 3187 1437 3244 celituml'

285 3258 442 3313 celerumO
530 3259 663 3311 scelerum
676 3261 694 3312 h
708 3259 759 3312 Vre.
849 3257 985 3312 caeluma
1075 3257 1219 3327 Chalybon
1231 3259 1375 3313 Politiunus
1389 3258 1437 3329 (ut

283 3332 334 3400 ipse
352 3339 463 3383 testatur
473 3329 582 3383 Miscell.
602 3332 645 3396 ⁶8,
664 3348 719 3383 rum
738 3330 767 3382 id
778 3331 852 3399 prius
872 3330 1001 3398 uulgasset
1018 3331 1094 3382 Picus
1114 3329 1283 3399 Mirandula)
1300 3351 1332 3384 ex
1351 3331 1436 3386 schol.

284 3400 401 3471 Apellen.
415 3400 495 3454 Rhod.
509 3402 545 3454 11.
561 3415 609 3464 373
706 3400 807 3453 celtum
821 3399 921 3453 Vossius
1020 3399 1186 3452 Telchinum
1199 3401 1328 3470 Wsthofius
1343 3401 1435 3456 Vulci.

284 3471 436 3540 Chalybum
450 3472 557 3524 Lachm.
568 3473 590 3523 1.
602 3471 691 3524 Rossb.
701 3470 776 3536 Heys.
849 3467 1035 3539 Chalyborum
1047 3471 1180 3524 Santenius
1189 3472 1226 3524 ud
1234 3473 1328 3525 lerunt.
1338 3471 1435 3526 Maur.

280 3553 309 3644 p.
325 3560 384 3609 299·
424 3541 480 3594 ‘ln
504 3541 611 3610 syllabis
635 3557 662 3594 m
686 3540 778 3593 littera
802 3540 955 3593 termInatis
978 3539 1126 3594 admittere
1155 3541 1308 3595 dihaeresin
1338 3544 1435 3610 paucis

303 3619 449 3666 auctorum
461 3612 572 3680 placuit.
610 3612 708 3679 Itaque
722 3609 825 3663 Ennius
841 3610 910 3663 dixit
939 3626 969 3674 ²7
974 3609 1001 3679 5]
1016 3611 1165 3665 “Miscent
1183 3613 1256 3665 inter
1268 3628 1327 3666 sese
1340 3613 1435 3666 inImi-

284 3684 397 3737 ‘citiam
415 3682 549 3750 agitantes
557 3683 573 3706 ’⁹
588 3690 618 3735 et
634 3682 756 3734 Catullus
772 3687 817 3734 ter
831 3681 858 3734 in
877 3697 904 3734 m
942 3682 969 3734 lo
986 3688 1161 3749 pentametro
1177 3683 1211 3735 ad
1227 3683 1300 3736 hunc
1317 3683 1435 3738 modum

283 3754 454 3822 “‘luppiter
471 3758 503 3806 ut
525 3752 677 3820 Chalybum
697 3767 780 3805 omne
797 3767 883 3818 genus
904 3752 1024 3820 pereat”
1044 3751 1162 3822 [LXVI.
1181 3759 1224 3820 48,
1244 3753 1367 3806 LXVII.
1387 3774 1434 3822 44,

283 3823 406 3879 XCVII.
423 3822 452 3948 ej
467 3829 527 3878 turn
544 3822 704 3890 Propertius
725 3823 778 3876 Ill.
799 3840 839 3886 ¹5·
858 3840 880 3888 1,
900 3823 935 3876 ib.
957 3840 997 3888 32,
1016 3839 1058 3888 45,
1076 3825 1127 3876 “O
1147 3839 1192 3877 me
1210 3823 1318 3877 felicem
1337 3841 1355 3878 o
1374 3840 1434 3878 nox

283 3895 370 3948 ‘mihi
382 3910 432 3948 can
455 3894 497 3947 ida
509 3899 538 3947 et
550 3909 568 3946 o
579 3893 633 3946 tu”
647 3893 751 3947 “Haec
770 3893 867 3946 eadem
884 3899 949 3946 ante
965 3893 1038 3946 illam
1051 3895 1162 3963 impune
1174 3901 1203 3947 et
1219 3894 1318 3948 Lesbia
1336 3893 1434 3962 lecit‚”

282 3966 291 3994 ‘
304 3965 431 4018 Tibullus
442 3965 463 4018 l.
474 3981 499 4030 5.
511 3981 553 4030 33,
563 3964 622 4016 “Et
634 3969 742 4017 tantum
755 3968 886 4016 uenerata
897 3964 989 4016 ulrum
1000 3963 1074 4018 hunc
1086 3965 1180 4018 sedula
1191 3966 1298 4030 curet‚”
1310 3965 1435 4034 denique

281 4035 432 4089 ‘Manilius
446 4035 468 4088 1.
482 4050 543 4102 793,
560 4035 576 4064 “
585 4035 724 4087 Emeritos
740 4035 846 4088 caelum
865 4040 894 4087 et
910 4033 1001 4087 Clausi
1018 4050 1116 4102 magna
1132 4036 1280 4104 propago‚”
1292 4035 1341 4088 sed
1357 4035 1434 4090 aliud

281 4107 289 4140 ⁶
302 4106 458 4175 exemplum
468 4105 540 4173 apud
552 4105 677 4159 classicos
688 4121 743 4158 non
757 4104 909 4158 inuenitur'
923 4107 955 4158 L.
965 4107 1107 4161 Muellerus
1118 4107 1148 4160 de
1160 4107 1197 4158 Re
1209 4107 1320 4162 Μιννὶια
1328 4118 1357 4176 p.
1369 4123 1434 4171 3¹0·

317 4195 361 4243 49.
397 4179 527 4230 terrashc
633 4169 777 4245 qusifreo

318 4265 360 4313 50.
397 4247 477 4300 lnstit
491 4248 516 4299 V
634 4247 760 4300 lusticiae
773 4247 802 4298 ll
914 4246 1123 4314 lorrisfringere
1137 4247 1165 4299 A
1171 4259 1214 4318 pr.
1228 4243 1434 4301 BCGLLa¹La¹

279 4316 347 4372 ferri
359 4317 478 4384 friguere
492 4317 517 4368 V
583 4315 663 4370 ferris
676 4315 814 4384 fingereo
878 4314 958 4369 serris
971 4317 1096 4385 frangere
1108 4317 1154 4371 Hs
1223 4315 1288 4370 ferri
1302 4317 1434 4384 frangere

281 4389 372 4442 DPad
387 4389 444 4441 liic.
463 4391 514 4439 60⁶
533 4387 571 4442 ed.
584 4391 632 4442 Pr.
650 4389 726 4458 uulgo
743 4398 768 4440 et
786 4388 967 4441 lachmaunus
1120 4387 1187 4442 ferri
1206 4387 1308 4456 fingere
1328 4387 1432 4442 Vossius

280 4460 392 4512 uincere
411 4459 594 4512 Marliundus.
631 4460 688 4529 Ego
705 4477 762 4511 cum
783 4459 873 4524 Heysio
891 4469 916 4512 et
937 4459 1071 4514 Schwabio
1092 4457 1160 4514 lerri
1177 4459 1311 4527 stringere
1328 4461 1432 4530 scripsi,

280 4531 306 4582 h.
319 4549 340 4582 e.
353 4532 379 4583 in
392 4531 544 4584 stricturam
557 4548 642 4600 cogere
712 4527 847 4583 durIciem
861 4529 961 4583 Boua.
