2872 5002
137 363 165 421 vi
588 361 834 420 PRAEFATIO.

138 543 288 603 codicibus
307 543 488 619 legebantur,
503 554 659 619 postquam
680 543 818 600 intellexit
835 541 863 601 G
881 552 909 599 et
932 541 965 612 0,
980 544 1114 618 quotiens
1133 561 1149 598 a
1169 550 1247 602 caete

138 651 342 727 discreparent,
368 651 441 709 mire
468 650 542 707 iuter
571 666 602 707 se
632 650 808 724 conspirare,
836 650 867 706 in
895 667 960 706 eam
990 649 1161 707 seutentiam
1190 646 1246 707 inci

138 766 170 815 ut
195 756 309 815 duobus
330 755 394 826 illis,
416 764 517 830 utpote
543 755 659 813 saeculo
686 754 760 810 XIV
784 755 905 830 scriptis,
928 755 1027 811 omnia
1052 755 1197 824 tribueret,
1226 754 1246 812 ι’

139 861 229 921 fidem
256 861 395 931 demeret,
423 877 491 918 cum
515 868 584 935 post
608 877 719 918 annum
752 877 829 930 1400
857 859 1020 935 transcripti
1043 859 1182 916 Italorum
1203 857 1246 918 iul

138 967 301 1044 polationes
328 965 441 1040 experti
467 964 578 1038 passim
605 963 778 1022 uiderentur.
824 964 925 1041 ltaque
953 965 1069 1022 omissis
1091 972 1203 1039 praeter
1230 961 1245 1023 ί

139 1072 278 1131 omnibus
306 1069 412 1130 Catulli
441 1069 569 1128 carmina
598 1089 634 1127 ex
663 1069 779 1128 duobus
812 1069 857 1127 his
886 1070 1013 1146 pendere
1047 1070 1200 1128 arbitratus
1227 1085 1245 1127 e

139 1178 276 1237 nimirum
292 1174 424 1234 Ouuum
444 1174 597 1250 solumque
618 1174 722 1232 librum
744 1192 809 1233 esse
831 1176 881 1251 qui
902 1175 984 1233 omni
1005 1193 1022 1232 a
1043 1184 1124 1249 parte
1146 1175 1183 1232 ab
1202 1174 1245 1232 int

139 1282 294 1359 polationis
304 1281 370 1339 labe
382 1281 520 1340 immunis
535 1280 591 1339 sit:
611 1279 843 1340 Germaneusem
858 1291 955 1338 autem
966 1280 1078 1337 fontem
1093 1280 1225 1337 omnium
1238 1296 1245 1336 t

139 1398 207 1465 post
229 1405 339 1446 annum
358 1405 435 1458 1400
453 1386 550 1463 scripti
567 1397 674 1445 extent.
719 1386 802 1444 Haec
824 1386 1000 1444 Behrensius
1022 1386 1170 1443 Analectis
1192 1384 1245 1445 Cat

139 1497 223 1556 lianis
238 1495 398 1572 proposuit,
414 1512 468 1552 nec
483 1493 575 1551 multo
591 1503 658 1569 post
673 1493 776 1551 iterum
798 1493 920 1552 collatos
937 1492 995 1552 GO
1011 1503 1090 1551 totos
1111 1492 1241 1550 exhibuit

140 1622 177 1661 ex
202 1602 247 1661 his
268 1601 338 1660 solis
362 1610 474 1658 textum
499 1599 604 1659 Catulli
626 1600 775 1659 restituere
795 1611 917 1659 conatus
941 1610 993 1658 est.
1036 1599 1096 1671 Qui
1121 1616 1245 1676 quanqui

139 1709 295 1785 gloriosius
315 1709 402 1768 dese
422 1708 458 1765 de
480 1725 528 1766 me
547 1707 673 1784 iniquius
695 1709 811 1766 locutus
833 1717 884 1777 est,
907 1707 978 1764 uidit
1000 1716 1098 1765 tamen
1118 1706 1199 1782 quod
1219 1704 1246 1764 al

139 1814 286 1886 fefellerat,
307 1815 337 1872 in
357 1811 521 1873 Catulliana
539 1813 604 1873 crisi
623 1830 769 1872 summam
790 1813 991 1871 auctoritatem
1012 1830 1077 1871 esse
1099 1811 1246 1870 Canonici

140 1921 260 1990 codicis,
277 1939 333 1980 nec
352 1920 389 1980 ad
403 1920 623 1979 emendandum
645 1937 812 1996 quenquam
834 1919 994 1995 quidquam
1015 1919 1246 1996 profecturumr

141 2028 220 2086 hunc
241 2027 346 2086 librum
367 2027 585 2103 diligentissime
607 2027 811 2085 examinasset.
855 2024 944 2095 Nam,
960 2043 1034 2101 quae
1051 2035 1095 2084 est
1116 2025 1160 2084 uis
1181 2027 1246 2084 inue

140 2144 221 2193 ratae
235 2134 462 2206 consuetudinis,
477 2152 515 2192 ne
529 2132 663 2209 Hauptio
676 2131 804 2209 quidem,
820 2149 988 2208 quanquam
1003 2130 1180 2190 Catullianae
1195 2149 1246 2208 poe

141 2241 315 2318 peritissimo
337 2250 365 2300 et
386 2240 486 2298 omnia
500 2239 692 2316 perscrutanti
710 2238 789 2297 unde
810 2249 911 2315 posset
933 2257 968 2297 ea
990 2239 1143 2314 expolitior
1158 2238 1246 2299 euade

141 2347 212 2405 illud
237 2346 305 2405 satis
329 2347 445 2423 placere
473 2355 595 2422 poterat,
624 2355 655 2404 ut
683 2346 721 2403 ab
749 2345 848 2421 Anglo
877 2345 1090 2420 protraheretur
1119 2346 1214 2404 codex
1243 2370 1246 2400 ι

142 2451 367 2511 Lachmannum
380 2452 509 2528 fugisset,
524 2462 600 2512 esset
613 2460 711 2510 autem
726 2450 974 2510 Lachmanuianis
996 2453 1143 2511 sincerior.
1186 2452 1215 2510 N
1217 2470 1246 2528 ee

142 2576 199 2635 ego
214 2559 239 2617 is
251 2575 332 2616 eram
343 2559 393 2635 qui
407 2557 516 2616 editum
532 2558 622 2618 semel
636 2556 769 2617 codicem
783 2559 965 2634 arrogantius
979 2558 1179 2616 uenditarem:
1196 2576 1246 2633 nee

142 2664 217 2724 adeo
239 2664 360 2723 inuento
380 2682 447 2724 meo
469 2665 634 2724 delectabar
657 2674 773 2722 utnon
798 2666 885 2723 etiam
910 2664 972 2721 aliis
995 2665 1145 2722 codicibus
1168 2665 1246 2739 pretii

143 2789 229 2831 suurn
243 2771 435 2829 attribuerem.
478 2770 563 2841 Quos
581 2788 620 2828 ne
637 2788 715 2829 nunc
738 2768 856 2845 quidem
876 2770 981 2838 abicio,
997 2787 1051 2827 nec
1073 2770 1096 2827 si
1119 2768 1246 2829 Behrens

143 2876 346 2935 Canoniciano
361 2876 471 2951 primus
493 2875 709 2934 Germanorum
730 2875 856 2951 pretium
877 2892 962 2932 suum
985 2875 1090 2950 posuit,
1106 2875 1213 2932 idcirco
1234 2892 1246 2932 r

143 2983 231 3042 etiam
245 2981 322 3041 idem
343 2982 532 3041 uehementer
545 2982 658 3041 errauit.
700 2979 791 3051 Quod
811 2979 889 3038 enim
911 2979 1032 3038 credidit
1046 3000 1082 3039 ex
1103 2981 1246 3039 Germane

144 3087 201 3168 (G)
215 3107 320 3149 omnes
333 3099 405 3167 quot
426 3089 571 3166 supersint
590 3088 680 3146 libros
700 3087 916 3162 manuscriptos
937 3095 1050 3162 praeter
1071 3085 1096 3143 0
1116 3086 1246 3162 profluxit

144 3195 216 3254 nulli
228 3195 259 3255 id
272 3195 360 3256 credo
375 3213 565 3273 persuasurus
579 3205 630 3254 est.
673 3192 763 3270 Atqui
779 3193 834 3251 nisi
854 3191 912 3251 hoc
926 3193 1052 3263 euicerit‚
1069 3194 1146 3252 cadit
1161 3193 1246 3269 simpl

144 3303 211 3362 tatis
232 3304 348 3362 iactatio
362 3311 503 3378 tauquam
518 3301 633 3361 duobus
647 3309 760 3359 tautum
777 3299 857 3358 libris
871 3317 942 3358 usus
956 3298 1133 3375 reliquorum
1156 3299 1246 3376 farrag

145 3408 345 3482 supersederit.
388 3407 459 3466 Nou
484 3407 531 3465 hic
556 3406 651 3483 agitur
676 3404 713 3463 de
735 3404 813 3463 libris
839 3405 955 3462 saeculo
980 3404 1025 3463 IX
1050 3404 1097 3463 uel
1122 3405 1151 3461 X
1176 3406 1245 3482 scrip

145 3513 246 3589 quales
266 3522 333 3572 sunt
353 3511 479 3572 Lucretii
501 3510 560 3570 duo
581 3511 741 3570 Leidenses
762 3509 1009 3569 Lachmanniani:
1032 3529 1201 3587 quanquam
1216 3531 1245 3570 n<

145 3618 283 3679 Lucretio
307 3618 425 3695 quidem
448 3618 556 3676 inutilis
578 3617 630 3675 luit
651 3616 844 3676 recentiorum
867 3616 1003 3676 codicum
1025 3616 1150 3676 collatio.
1193 3617 1245 3678 Cal

145 3726 241 3785 nullus
251 3726 399 3786 liberante
410 3742 521 3783 annum
534 3738 611 3798 1370
621 3725 743 3799 scriptus
755 3723 868 3782 uidetur
878 3733 989 3782 extare:
1005 3724 1080 3781 inter
1090 3741 1178 3800 quern
1189 3741 1245 3782 ann

145 3842 175 3891 et
193 3850 270 3904 1400
285 3832 383 3907 scripti
398 3839 464 3889 suut
479 3839 506 3887 et
524 3828 595 3888 Get
613 3828 645 3887 0.
688 3828 779 3905 Atqui
798 3830 893 3888 codex
912 3829 959 3887 ille
980 3829 1059 3888 unde
1081 3830 1111 3887 bi
1133 3830 1211 3888 ducti
1233 3847 1246 3888 s

145 3947 276 4014 repertus
290 3948 334 3996 est
348 3938 424 3997 circa
443 3955 537 4011 1300:
561 3945 662 3995 contra
683 3953 762 3995 anno
782 3954 855 4007 1411
874 3934 1070 3994 Bononiensis
1092 3946 1226 3996 exaratus

146 4063 201 4104 nec
224 4045 316 4103 multo
340 4053 408 4120 post
432 4043 510 4103 huuc
536 4042 748 4102 Laurentianus
776 4041 822 4101 ille
847 4060 934 4118 quem
959 4043 990 4100 iu
1014 4042 1069 4101 hac
1094 4043 1222 4101 editione

147 4151 269 4228 signaui.
311 4151 414 4228 Itaque
433 4153 458 4210 si
472 4151 546 4210 inter
560 4160 706 4228 repertum
727 4149 807 4208 illum
830 4149 1020 4226 principalem
1043 4149 1176 4208 codicem
1192 4160 1246 4207 etr

145 4269 256 4318 trorum
270 4257 487 4336 antiquissimos
505 4255 562 4318 GO
576 4257 761 4334 septuaginta
783 4266 850 4316 sunt
872 4256 951 4329 anui,
966 4257 1039 4314 inter
1057 4235 1115 4315 GO
1129 4266 1157 4314 et
1172 4254 1246 4314 Bon<
