2872 5002
593 376 838 440 PRAEFATIO.
1237 383 1293 440 xvii

139 571 223 613 ame
245 553 353 615 sedulo
367 557 511 634 inspexit:
540 560 702 621 Falconem
732 564 843 624 Madau
872 568 953 625 cuius
978 569 1045 626 uide
1073 568 1292 629 adnotationem

140 660 175 718 ad
189 659 303 719 LXVI.
323 680 378 736 32:
402 664 513 724 Adolso
535 666 721 743 Neubauero,
743 671 785 729 lo.
804 671 849 730 W.
865 671 947 743 Nutt‚
964 672 1095 734 Henrico
1110 673 1146 733 G.
1169 674 1292 747 Woods,

141 765 250 824 Carolo
265 766 365 827 Gore:
388 770 515 847 denique
535 773 769 835 adulescentibus
790 779 919 854 optimae
933 781 995 855 spei
1011 780 1130 839 Sidneio
1145 780 1183 840 G.
1199 781 1292 840 Owen

140 881 169 930 et
186 874 223 933 Α
238 873 337 935 Curtis
352 875 449 949 Clark,
467 878 699 953 Balliolensibus,
715 885 765 959 qui
786 884 913 943 indicem
935 904 952 943 a
973 904 1072 946 sorore
1095 905 1160 947 mea
1181 890 1291 947 maiore

141 978 310 1038 confectum
325 982 533 1058 suppleuerunt
547 997 801 1063 correxeruntque.
838 989 896 1048 Sed
911 1001 977 1050 ante
989 1010 1093 1051 omnes
1109 1011 1290 1054 commemo·

141 1083 251 1144 randus
276 1097 338 1146 erat
362 1088 486 1148 Arturus
510 1089 633 1162 Palmer,
655 1092 854 1165 Dublinensis,
877 1097 958 1155 cuius
986 1098 1129 1157 beneficio
1159 1099 1291 1159 codicem

140 1207 229 1266 quem
244 1192 380 1253 Perusiae
395 1198 523 1256 exarauit
537 1197 679 1258 Pacificas
694 1199 843 1260 Maximus
857 1213 946 1277 poeta
960 1203 1082 1262 Latinus
1103 1206 1208 1264 saeculi
1224 1208 1291 1277 XV,

141 1308 211 1373 post
236 1312 333 1359 autem
360 1301 496 1362 Cuiacius
520 1305 645 1365 obtinuit
668 1317 697 1366 et
721 1309 759 1366 ab
784 1325 821 1366 eo
846 1308 991 1386 Iosephus
1017 1310 1155 1387 Scaliger,
1180 1315 1291 1388 primus

141 1406 189 1464 hic
205 1416 298 1465 totum
317 1408 441 1468 exhibui.
485 1410 530 1468 De
552 1430 611 1488 quo
634 1415 657 1471 si
679 1414 744 1489 quis
765 1415 845 1473 uolet
866 1415 948 1491 plura
969 1416 1084 1476 edoceri
1099 1436 1188 1494 quam
1207 1420 1292 1480 huius

139 1515 240 1590 operis
261 1515 321 1587 fuit,
336 1517 414 1592 legat
434 1536 507 1594 quae
523 1519 558 1577 de
573 1537 611 1578 eo
626 1521 793 1597 scripsimus
809 1523 838 1580 in
855 1522 1055 1584 Hermathena
1074 1525 1128 1584 111.
1146 1546 1195 1604 pp.
1215 1548 1292 1602 ¹²4-

145 1617 212 1687 158.

215 1761 323 1816 Dabam
336 1763 466 1819 Kalendis
479 1767 559 1821 Maiis
571 1785 595 1822 a.
610 1781 835 1824 unccctxxvur.

518 1970 734 1979 -—-..—--—.-
740 1974 916 1981 „—

197 2131 555 2215 PRAEFATIO
597 2134 927 2218 EDITIONIS
971 2136 1234 2220 PRIORIS.

145 2344 361 2438 OCTAVVS
388 2366 436 2425 hic
467 2385 563 2426 annus
591 2367 684 2444 agitur
715 2387 751 2427 ex
781 2386 840 2445 quo
869 2368 974 2428 Catulli
1001 2367 1108 2428 edendi
1137 2369 1291 2427 consilium

140 2472 266 2547 suscepi.
310 2470 368 2530 Sed
388 2471 516 2548 primum
538 2475 780 2531 commentarium
801 2475 926 2533 scribere
948 2474 1097 2533 inanimo
1120 2474 1191 2544 fuit,
1221 2491 1291 2532 mox

141 2595 208 2634 cum
234 2577 399 2653 conparatis
421 2595 489 2635 cum
511 2575 692 2637 Lachmanni
714 2580 841 2639 editione
867 2580 1016 2638 codicibus
1037 2596 1113 2654 quos
1133 2579 1163 2635 in
1184 2577 1293 2636 Biblio-

141 2684 225 2743 theca
253 2683 414 2742 Bodleiana
442 2695 471 2742 et
498 2685 529 2742 in
555 2684 663 2744 Museo
691 2687 858 2745 Britannico
887 2686 1008 2762 repperi,
1031 2685 1229 2760 intellegerem
1258 2704 1294 2744 ea

142 2809 217 2866 quae
240 2791 448 2849 Lachmannus
470 2808 525 2849 suo
543 2809 625 2850 more
646 2793 763 2851 breuius
784 2792 987 2868 praecepisset,
1007 2791 1108 2849 codr'cer
1127 2810 1217 2849 omnes
1238 2810 1292 2849 non

142 2897 316 2972 interpolatos
339 2916 401 2954 cum
425 2898 559 2956 alterutro
579 2917 672 2955 eorum
692 2917 758 2974 quos
779 2900 834 2972 ipse
854 2897 998 2956 exhihere!
1016 2898 1113 2972 ubique
1132 2899 1291 2968 consentire,

141 3022 203 3062 non
224 3002 299 3062 adeo
321 3021 390 3061 uera
412 3021 476 3062 esse
498 3016 529 3063 ut
550 3003 619 3062 nihil
640 3005 711 3064 noui
734 3015 833 3081 posset
860 3004 980 3070 adferri3
1012 3014 1161 3081 praeterea
1183 3024 1200 3064 a
1221 3022 1291 3063 uero

141 3110 297 3169 abhorrere
319 3111 491 3186 paginarum
515 3111 749 3170 numerationem
773 3110 929 3188 archetypi,
955 3111 1040 3187 quale
1065 3112 1102 3169 ab
1125 3128 1162 3170 eo
1184 3111 1292 3169 consti·

143 3228 236 3276 tutum
261 3227 346 3283 esset,
370 3217 452 3293 quod
475 3216 553 3276 idem
577 3228 645 3276 ante
669 3236 718 3276 me
747 3219 907 3277 sensissent
934 3218 1063 3296 Heysius
1092 3217 1293 3277 Rossbachius

143 3325 304 3385 Boehmius
328 3325 392 3395 alii;
425 3323 536 3382 collatis
559 3326 646 3383 etiam
668 3327 796 3384 extemis
819 3325 971 3384 codicibus
997 3324 1102 3384 Catulli
1125 3325 1230 3384 librum
1256 3325 1293 3383 de

143 3450 223 3492 nouo
248 3448 461 3508 recognoscere
485 3431 578 3490 statui.
620 3431 753 3490 Accessit
773 3448 834 3489 non
855 3432 953 3489 minor
973 3431 1105 3490 stimulus
1127 3431 1208 3508 quod
1233 3431 1292 3489 duo

144 3542 205 3612 uiri,
235 3541 285 3618 qui
312 3541 342 3598 in
371 3540 533 3616 corrigendi
558 3548 617 3597 arte
643 3556 791 3596 summum
818 3538 892 3597 inter
916 3549 1033 3597 nostros
1056 3538 1154 3597 locum
1183 3545 1292 3607 tenent,

144 3647 272 3705 Ioannes
294 3646 465 3722 Conington
486 3657 514 3704 et
535 3645 628 3721 Hugo
654 3646 689 3703 A.
712 3644 736 3702 l.
759 3644 877 3714 Munro,
899 3662 967 3703 suas
992 3645 1049 3701 iam
1071 3661 1187 3701 mecum
1211 3660 1292 3700 com·

144 3756 326 3813 municaraut
346 3753 374 3810 in
398 3751 542 3811 Catullum
565 3752 793 3811 emendationes.
835 3753 937 3826 Itaque
959 3767 1038 3808 anno
1059 3751 1134 3805 1862
1159 3748 1292 3807 codicem

146 3859 428 3935 Sangermanensem
458 3857 580 3928 Parisiis,
611 3859 781 3933 insequente
810 3857 942 3916 Venetiis
972 3853 1130 3915 Mediolani
1161 3853 1293 3911 Vicetiae

144 3966 296 4024 Bononiae
324 3964 486 4023 Florentiae
516 3964 605 4022 Italos
633 3983 684 4022 sex
713 3966 837 4035 contuli;
874 3966 979 4040 quibus
1008 3962 1142 4020 subsidiis
1170 3962 1292 4032 adiutus

144 4091 214 4132 mox
229 4084 257 4130 et
271 4072 415 4130 Vaticano
434 4082 463 4129 et
485 4071 661 4141 Colbertino,
676 4089 801 4146 quorum
823 4070 944 4128 alterum
966 4069 1127 4128 Fridericus
1149 4066 1292 4144 Vmpsen-

143 4180 270 4250 bachius,
287 4181 364 4238 hunc
386 4177 525 4237 Claudius
547 4179 681 4237 Cobham
703 4178 921 4253 diligentissime
943 4193 996 4250 pro
1018 4193 1064 4232 me
1087 4193 1292 4245 excusserant;

144 4297 245 4362 postea
270 4296 368 4345 autem
393 4285 449 4345 alio
478 4305 564 4363 quem
590 4286 620 4344 in
646 4286 735 4344 domo
765 4302 817 4343 sua
846 4282 980 4341 Thomas
1010 4281 1149 4361 Phillipps
1179 4283 1293 4361 inspici·
