2872 5002
414 352 644 414 CARMINVM
673 355 863 414 CATVLLI.
1158 357 1217 415 273

60 524 118 576 est.
162 514 220 575 Sed
235 534 302 574 curn
324 535 479 577 nomorum
502 529 607 596 poetae
629 539 696 578 cum
719 520 781 579 aliis
803 530 946 580 certantes
966 519 1119 580 uictoriam
1139 530 1218 596 pete·

59 626 138 685 rent,
153 615 235 674 Deos
254 625 284 673 ut
306 625 373 674 ante
393 618 542 693 inceptum
564 637 679 677 carmen
702 620 743 678 sic
766 619 847 678 finito
868 619 996 679 carmine
1016 619 1219 695 precabantur.

60 712 145 772 Hinc
161 714 235 772 duae
251 732 345 772 nouae
360 725 456 790 partes
470 716 613 793 Prologus
632 716 840 794 Epilogusque.
886 718 951 777 Has
965 718 1021 777 hoc
1036 718 1138 777 ordine
1153 735 1217 775 sese

59 810 133 871 facit
160 814 320 888 excepisse,
350 813 518 890 Prologum,
547 815 685 886 Arcbam,
714 815 885 893 Katatropa,
916 815 1095 892 Omphalon,
1122 813 1219 873 Meta·

59 908 225 986 Iratatropa,
250 909 422 987 Sphragida,
447 912 615 990 Epilogum,
640 914 726 972 simili
753 914 812 973 iere
833 915 925 973 modo
948 932 1007 991 quo
1029 915 1060 971 in
1081 912 1217 972 Parabasi

60 1006 263 1068 Comicorum.
308 1009 366 1069 Sed
388 1013 417 1070 in
440 1023 502 1071 toto
517 1014 654 1083 carmine,
670 1032 838 1090 quanquam
860 1012 930 1071 alias
952 1012 1101 1071 heroicum
1122 1034 1217 1084 χαραι·

59 1111 139 1181 ripa,
154 1107 223 1166 alias
238 1109 358 1183 lyricum
373 1112 560 1187 usurpabant,
576 1111 653 1168 idem
669 1119 792 1182 metron,
808 1111 886 1169 idern
901 1111 991 1169 modi.
1042 1109 1128 1169 Certe
1150 1119 1217 1168 ante

60 1205 347 1280 Peloponnesiacum
373 1209 478 1266 bellum
508 1226 612 1266 omnes
634 1209 810 1267 hexametris
831 1219 898 1267 sunt
919 1208 1025 1284 scripti.
1069 1207 1128 1266 Sed
1149 1224 1217 1264 cum

61 1304 251 1380 antIstrophis
266 1305 393 1363 caruisse
408 1305 539 1364 dicantur
554 1308 591 1364 ab
604 1306 761 1365 Aristotele
775 1307 805 1365 in
820 1307 895 1365 libro
916 1305 1140 1371 Problematum,
1155 1304 1217 1379 pari

61 1420 188 1461 numero
217 1404 341 1478 partium
366 1422 428 1462 non
454 1423 570 1480 semper
591 1405 791 1481 alligabantur.
844 1404 919 1463 Illud
944 1415 1042 1463 tamen
1067 1403 1216 1480 proprium

61 1501 197 1560 omniurn
212 1512 243 1559 ut
257 1519 347 1559 unam
361 1521 422 1560 rem
437 1512 597 1561 tractarent.
640 1502 730 1561 Hunc
746 1502 879 1560 ordinem
898 1503 927 1559 in
949 1502 1094 1578 plerisque
1114 1500 1217 1576 Epiui-

62 1600 186 1668 olorum,
202 1618 255 1658 nec
270 1601 366 1659 minus
380 1602 409 1657 in
424 1600 575 1660 Encomiis
598 1601 756 1659 Pindarum
778 1601 905 1659 tenuisse
926 1600 995 1659 dicit
1010 1598 1216 1674 Westphalius.

61 1696 110 1755 Ex
133 1697 178 1755 his
199 1716 288 1755 unum
309 1697 426 1775 aliquod
448 1700 541 1775 potuit
564 1698 694 1758 Catullus
717 1700 746 1756 in
768 1698 899 1756 LXVIII
921 1698 1043 1769 imitari;
1066 1696 1217 1765 siminus,

62 1795 328 1854 Alexandrinorum
350 1797 476 1874 aliquem
498 1808 615 1857 secutus
636 1807 689 1856 est.
731 1796 768 1854 Et
790 1795 921 1874 proiecto
943 1815 1037 1872 pauca
1058 1813 1095 1853 ex
1116 1813 1218 1853 recen-

63 1894 186 1952 rioribus
200 1904 297 1952 extant
312 1905 447 1970 poemata
461 1913 535 1971 quae
550 1895 685 1953 Pindari¹
700 1895 805 1971 stylum
821 1895 904 1954 toties
918 1893 1050 1963 reserant,
1062 1893 1124 1951 siue
1136 1892 1217 1969 quod

63 2011 135 2050 cum
155 1992 277 2051 heroicis
298 1993 495 2051 immiscentur
516 2011 562 2050 res
583 2011 657 2068 quae
679 1992 797 2068 lyricam
818 1994 946 2069 speciem
970 2010 1039 2068 prae
1060 2009 1092 2050 se
1114 1990 1217 2060 lerunt,

64 2092 127 2149 siue
137 2091 215 2167 quod
227 2091 356 2166 singulae
367 2101 463 2166 partes
475 2091 589 2150 duriore
600 2093 675 2150 inter
686 2110 717 2150 se
729 2092 861 2150 iunctura
872 2100 1073 2149 conectuntur.
1115 2088 1215 2146 Habet

64 2199 163 2248 autem
188 2190 241 2246 tria
263 2190 426 2266 praecipue,
449 2207 541 2266 eaque
567 2208 604 2248 ex
627 2189 762 2249 interiore
786 2189 894 2247 animo.
912 2187 1032 2258 Catulli;
1059 2187 1216 2245 amIcitiam

64 2287 133 2358 Alli,
156 2305 286 2345 amorem
310 2286 441 2360 Lesbiae,
461 2288 593 2346 dolorem
616 2288 717 2347 fratris.
761 2287 878 2345 Horum
901 2285 982 2362 quod
1007 2285 1141 2343 intimum
1163 2294 1215 2354 est,

65 2385 198 2443 dolorem
221 2383 320 2455 fratris,
346 2385 376 2442 in
399 2385 497 2443 medio
522 2395 662 2461 tanquam
687 2384 858 2461 Omphalon
883 2383 1054 2443 collocauit:
1085 2399 1216 2440 amorem

64 2482 189 2540 Lesbiae
217 2500 304 2559 quem
332 2483 465 2541 nondum
494 2493 610 2541 mortuo
642 2482 727 2542 fratre
763 2491 940 2558 conceptum
976 2478 1094 2540 fouebat
1127 2479 1216 2537 etiarn

64 2591 191 2651 mortuo,
220 2580 352 2656 utrinque
381 2581 410 2638 in
439 2579 536 2638 Archa
564 2590 593 2637 et
622 2579 783 2657 Sphragide
794 2598 803 2652 ;
832 2581 863 2638 in
892 2579 1014 2638 exordio
1042 2589 1071 2636 et
1098 2578 1129 2635 in
1157 2576 1216 2634 fine

64 2678 221 2737 amicitiam
235 2678 302 2749 Alli,
317 2696 391 2753 quae
414 2678 531 2754 Prologi
551 2688 579 2737 et
600 2678 717 2756 Epilogi
738 2680 767 2737 in
789 2679 855 2738 loco
877 2687 961 2736 esset.
1004 2676 1166 2751 Katatropa
1187 2685 1216 2733 et

64 2776 298 2852 llIetakatatropa
313 2775 380 2834 iecit
401 2775 579 2835 Laudamiae
602 2776 737 2848 fabulam,
752 2777 834 2835 euius
855 2777 885 2833 in
907 2775 1097 2833 Protesilaum
1118 2773 1215 2831 inuitis

63 2875 129 2934 Diis
150 2876 287 2951 inpotens
308 2892 391 2932 amor
408 2893 475 2932 curn
498 2874 602 2933 Catulli
624 2876 774 2951 Inpotente
795 2874 940 2933 adulterae
962 2873 1086 2932 Lesbiae
1114 2889 1215 2931 amore

63 2992 126 3033 non
141 2974 285 3032 immerito
300 2974 515 3048 comparandus
530 2985 615 3033 esset.
658 2973 762 3050 Itaque
777 2977 866 3046 σχῆμα
879 2974 931 3031 erit
946 2970 1119 3030 huiusmodi.

10 3089 159 3136 Prooemium
206 3087 281 3134 Archa
348 3088 477 3147 Katatropa
521 3088 650 3149 Omphalos
678 3087 868 3147 Metakatatropa
913 3087 1019 3150 sphragis
1117 3086 1226 3148 Epilogus

38 3154 150 3216 40·(50)
184 3153 313 3215 (sol-(7²)
347 3152 478 3215 (73Η86)
513 3153 658 3217 (87)-(100)
693 3153 856 3215 (ron-(150)
891 3152 1054 3215 (¹31)·(148)
1094 3147 1257 3215 (¹49)·i1⁶0)

93 3277 101 3306 ¹
120 3277 197 3324 Vnum
209 3277 289 3324 saltem
301 3277 378 3323 Iocum
394 3291 423 3322 ex
434 3277 535 3324 Pindaro
547 3287 665 3324 mutuatus
677 3286 718 3332 est,
730 3276 838 3324 LXVIII.
850 3276 1024 3340 (¹¹9)·(¹²4l·
1067 3275 1105 3322 Ci.
1117 3275 1211 3335 Olymp.

60 3361 104 3407 XI.
117 3356 149 3407 86

195 3437 254 3487 ἀλλ’
265 3435 312 3500 ᾧτε
328 3438 382 3487 trois
399 3437 425 3500 if
441 3437 536 3500 όλόχον
553 3437 621 3502 πατρὶ

192 3519 298 3569 τοθεινόι
309 3519 386 3568 ῐιιοντι
398 3519 512 3568 νεότατοε
524 3518 553 3568 τὸ
566 3519 639 3569 πόλιν
650 3519 704 3583 ἤδη,
714 3517 781 3580 ptari
793 3517 819 3567 bi
831 3534 867 3567 τοι
880 3516 998 3579 θερμαίνει
1011 3516 1125 3579 φιλότατι
1138 3514 1203 3567 νόον.

195 3602 245 3651 ἐπεὶ
262 3603 366 3651 πλοῦτοι
383 3602 396 3650 tl
413 3600 498 3663 λαχὼν
515 3599 617 3662 ποιμένα

195 3684 299 3733 ἐπακτόν
315 3684 448 3746 ἀλλότριον

193 3765 323 3816 θνόσιεοντι
341 3765 532 3829 στινγερόιτατοε.

60 3885 184 3946 Olyrnpica
199 3885 279 3946 legisse
295 3885 411 3932 Catullum
428 3884 498 3930 etiarn
514 3884 558 3930 alia
575 3885 676 3932 indicant
688 3885 718 3934 ll.
734 3898 764 3932 ιο
780 3881 904 3946 όφθαλρόι
917 3883 998 3945 (ocelle
1009 3883 1061 3930 Cat.
1073 3880 1172 3928 XXXII.
1186 3880 1212 3940 2)

60 3966 91 4013 82
107 3963 174 4011 trium
186 3965 331 4028 (Thessaliae
346 3967 448 4013 columen
460 3966 531 4013 Peleu
544 3966 626 4012 LXIV.
641 3965 683 4028 τό)
696 3969 727 4015 ib.
739 3966 834 4027 θανάτῳ
846 3965 916 4028 τόρεν
929 3965 1009 4027 (morti
1023 3964 1114 4010 redditu
1122 3962 1214 4024 praeda

59 4048 145 4095 LXIV.
161 4045 220 4109 362)
238 4063 270 4113 99
287 4047 382 4111 ψόμμοε
400 4045 497 4109 ἀριθμόν
514 4046 688 4111 περιπέφευγεν
703 4049 707 4114 Ι
723 4048 812 4098 ἐκεῖνον
828 4047 875 4096 ὅσα
890 4045 993 4109 χάρματ’
1007 4043 1092 4092 όλλοιε
1108 4042 1192 4106 ἔθηκεν
1207 4042 1211 4108 Ι

59 4129 96 4178 τότ
107 4128 137 4178 ἂν
146 4131 235 4191 φράσαι
248 4129 358 4189 δόναιτο;
375 4130 452 4191 (LXI.
462 4133 634 4194 (199I-(204).
652 4134 695 4180 Ille
704 4134 806 4194 pulueris
816 4133 908 4192 Africei
918 4131 1068 4191 Siderumque
1080 4129 1214 4174 micantium

59 4213 180 4260 Subducut
195 4227 314 4259 nutrieram
325 4214 392 4273 prius
406 4213 452 4276 Qui
469 4214 538 4260 ιιιιιτί
548 4228 671 4260 ονοιιτονι
685 4215 734 4260 uult
744 4214 825 4260 Multo
841 4213 908 4260 milio
924 4212 1006 4271 ludei).
1040 4211 1119 4257 Alium
1134 4211 1213 4256 locum

60 4295 168 4342 carminis
180 4293 285 4341 LXVIII.
298 4290 429 4356 (57)-(60)
445 4308 474 4340 ex
490 4294 560 4340 iliade
577 4295 667 4341 uidetur
681 4296 809 4356 sumpsisse,
820 4293 871 4340 XV.
888 4291 944 4349 681,
963 4306 974 4339 a
993 4289 1067 4340 Σεόαι
1082 4289 1110 4339 ἔτι
1124 4289 1213 4338 sellom

60 4373 126 4436 μέγα
141 4373 210 4437 spesi
224 4373 287 4423 όστν
300 4375 377 4438 δίηται
393 4373 519 4439 Λαοφόρον
534 4377 587 4423 καθ’
602 4373 665 4436 totu,
678 4379 739 4424 unde
753 4392 799 4424 nou
816 4376 930 4436 probarim
947 4375 1041 4435 Hauprii
1058 4376 1212 4422 coniecturam

60 4461 151 4506 Sensim
163 4475 204 4519 pro
217 4459 280 4507 demi
292 4460 417 4507 scribentis.

627 4561 645 4600 Τ
