<?xml version="1.0" encoding="UTF-8"?>
<!DOCTYPE html PUBLIC "-//W3C//DTD XHTML 1.0 Transitional//EN"
    "http://www.w3.org/TR/xhtml1/DTD/xhtml1-transitional.dtd">
<html xmlns="http://www.w3.org/1999/xhtml" xml:lang="en" lang="en">
 <head>
  <title>
</title>
<meta http-equiv="Content-Type" content="text/html;charset=utf-8" />
  <meta name='ocr-system' content='tesseract 3.04.00' />
  <meta name='ocr-capabilities' content='ocr_page ocr_carea ocr_par ocr_line ocrx_word'/>
</head>
<body>
  <div class='ocr_page' id='page_1' title='image "./catulliliber00catugoog_0055.png"; bbox 0 0 2872 5002; ppageno 0'>
   <div class='ocr_carea' id='block_1_1' title="bbox 138 329 898 393">
    <p class='ocr_par' dir='ltr' id='par_1_1' title="bbox 138 329 898 393">
     <span class='ocr_line' id='line_1_1' title="bbox 138 329 898 393; baseline -0.005 -1"><span class='ocrx_word' id='word_1_1' title='bbox 138 335 205 393; x_wconf 81' lang='lat' dir='ltr'>xxvi</span> <span class='ocrx_word' id='word_1_2' title='bbox 535 329 898 392; x_wconf 77' lang='lat' dir='ltr'>PROLEGOMENA.</span> 
     </span>
    </p>
   </div>
   <div class='ocr_carea' id='block_1_2' title="bbox 69 493 1295 3612">
    <p class='ocr_par' dir='ltr' id='par_1_2' title="bbox 144 493 1293 1338">
     <span class='ocr_line' id='line_1_2' title="bbox 197 493 1273 574; baseline -0.003 -18"><span class='ocrx_word' id='word_1_3' title='bbox 197 497 306 556; x_wconf 91' lang='lat' dir='ltr'><strong>LXIV.</strong></span> <span class='ocrx_word' id='word_1_4' title='bbox 329 512 388 572; x_wconf 81' lang='lat'>355</span> <span class='ocrx_word' id='word_1_5' title='bbox 410 503 578 574; x_wconf 78' lang='lat' dir='ltr'>prosternes</span> <span class='ocrx_word' id='word_1_6' title='bbox 595 496 623 557; x_wconf 98' lang='lat' dir='ltr'><em>G</em></span> <span class='ocrx_word' id='word_1_7' title='bbox 637 517 656 555; x_wconf 83' lang='lat' dir='ltr'>a</span> <span class='ocrx_word' id='word_1_8' title='bbox 670 516 706 555; x_wconf 87' lang='lat' dir='ltr'>nr.</span> <span class='ocrx_word' id='word_1_9' title='bbox 716 508 772 572; x_wconf 76' lang='lat' dir='ltr'>pr,</span> <span class='ocrx_word' id='word_1_10' title='bbox 790 506 978 574; x_wconf 88' lang='lat' dir='ltr'>prosternens</span> <span class='ocrx_word' id='word_1_11' title='bbox 991 493 1063 566; x_wconf 90' lang='lat' dir='ltr'>BD,</span> <span class='ocrx_word' id='word_1_12' title='bbox 1083 502 1245 571; x_wconf 81' lang='lat' dir='ltr'>prosternet</span> <span class='ocrx_word' id='word_1_13' title='bbox 1262 496 1273 553; x_wconf 86' lang='lat' dir='ltr'>l</span> 
     </span>
     <span class='ocr_line' id='line_1_3' title="bbox 216 590 1198 670; baseline -0.004 -16"><span class='ocrx_word' id='word_1_14' title='bbox 216 595 308 654; x_wconf 91' lang='lat' dir='ltr'>LXV.</span> <span class='ocrx_word' id='word_1_15' title='bbox 372 615 389 670; x_wconf 80' lang='lat'><strong>3</strong></span> <span class='ocrx_word' id='word_1_16' title='bbox 412 595 595 655; x_wconf 90' lang='lat' dir='ltr'>dulcissimus</span> <span class='ocrx_word' id='word_1_17' title='bbox 608 595 711 653; x_wconf 89' lang='lat' dir='ltr'>harum</span> <span class='ocrx_word' id='word_1_18' title='bbox 725 593 829 666; x_wconf 93' lang='lat' dir='ltr'><em>BDG,</em></span> <span class='ocrx_word' id='word_1_19' title='bbox 844 593 1028 654; x_wconf 87' lang='lat' dir='ltr'>dulcissimus</span> <span class='ocrx_word' id='word_1_20' title='bbox 1041 593 1155 652; x_wconf 84' lang='lat' dir='ltr'>haurrm</span> <span class='ocrx_word' id='word_1_21' title='bbox 1171 590 1198 650; x_wconf 91' lang='lat'><em>0</em></span> 
     </span>
     <span class='ocr_line' id='line_1_4' title="bbox 144 691 882 765; baseline -0.004 -13"><span class='ocrx_word' id='word_1_22' title='bbox 144 693 311 753; x_wconf 90' lang='lat' dir='ltr'>LXXXIV.</span> <span class='ocrx_word' id='word_1_23' title='bbox 371 713 386 752; x_wconf 84' lang='lat' dir='ltr'>a</span> <span class='ocrx_word' id='word_1_24' title='bbox 410 693 530 752; x_wconf 85' lang='lat' dir='ltr'>insidias</span> <span class='ocrx_word' id='word_1_25' title='bbox 544 694 582 752; x_wconf 93' lang='lat' dir='ltr'>he</span> <span class='ocrx_word' id='word_1_26' title='bbox 599 692 636 765; x_wconf 92' lang='lat' dir='ltr'>G,</span> <span class='ocrx_word' id='word_1_27' title='bbox 651 693 770 752; x_wconf 85' lang='lat' dir='ltr'>insidias</span> <span class='ocrx_word' id='word_1_28' title='bbox 783 692 838 752; x_wconf 91' lang='lat' dir='ltr'>hee</span> <span class='ocrx_word' id='word_1_29' title='bbox 855 691 882 749; x_wconf 91' lang='lat'><em>0</em></span> 
     </span>
     <span class='ocr_line' id='line_1_5' title="bbox 248 787 1203 863; baseline -0.002 -14"><span class='ocrx_word' id='word_1_30' title='bbox 248 791 311 852; x_wconf 93' lang='lat' dir='ltr'>XC.</span> <span class='ocrx_word' id='word_1_31' title='bbox 374 795 392 849; x_wconf 83' lang='lat'><strong>6</strong></span> <span class='ocrx_word' id='word_1_32' title='bbox 414 791 512 851; x_wconf 90' lang='lat' dir='ltr'><strong>Omne</strong></span> <span class='ocrx_word' id='word_1_33' title='bbox 526 802 588 851; x_wconf 89' lang='lat' dir='ltr'>tum</span> <span class='ocrx_word' id='word_1_34' title='bbox 602 790 672 862; x_wconf 88' lang='lat' dir='ltr'>BG,</span> <span class='ocrx_word' id='word_1_35' title='bbox 687 790 831 863; x_wconf 89' lang='lat' dir='ltr'>Quintum</span> <span class='ocrx_word' id='word_1_36' title='bbox 848 789 883 863; x_wconf 94' lang='lat' dir='ltr'>O,</span> <span class='ocrx_word' id='word_1_37' title='bbox 897 799 1051 851; x_wconf 89' lang='lat' dir='ltr'>omentum</span> <span class='ocrx_word' id='word_1_38' title='bbox 1068 787 1203 850; x_wconf 78' lang='lat' dir='ltr'>Catulleu</span> 
     </span>
     <span class='ocr_line' id='line_1_6' title="bbox 229 886 1044 960; baseline -0.001 -13"><span class='ocrx_word' id='word_1_39' title='bbox 229 888 311 948; x_wconf 89' lang='lat' dir='ltr'>CIII.</span> <span class='ocrx_word' id='word_1_40' title='bbox 376 910 391 948; x_wconf 83' lang='lat' dir='ltr'>a</span> <span class='ocrx_word' id='word_1_41' title='bbox 413 899 458 948; x_wconf 89' lang='lat' dir='ltr'>est</span> <span class='ocrx_word' id='word_1_42' title='bbox 471 906 491 948; x_wconf 94' lang='lat' dir='ltr'>o</span> <span class='ocrx_word' id='word_1_43' title='bbox 504 888 575 960; x_wconf 89' lang='lat' dir='ltr'>BG,</span> <span class='ocrx_word' id='word_1_44' title='bbox 590 908 622 948; x_wconf 93' lang='lat' dir='ltr'>es</span> <span class='ocrx_word' id='word_1_45' title='bbox 635 906 655 948; x_wconf 95' lang='lat' dir='ltr'>o</span> <span class='ocrx_word' id='word_1_46' title='bbox 669 887 709 960; x_wconf 90' lang='lat' dir='ltr'>D,</span> <span class='ocrx_word' id='word_1_47' title='bbox 725 898 770 947; x_wconf 90' lang='lat' dir='ltr'>est</span> <span class='ocrx_word' id='word_1_48' title='bbox 786 886 820 960; x_wconf 93' lang='lat'>0,</span> <span class='ocrx_word' id='word_1_49' title='bbox 834 898 898 947; x_wconf 90' lang='lat' dir='ltr'>esto</span> <span class='ocrx_word' id='word_1_50' title='bbox 914 886 1044 947; x_wconf 80' lang='lat' dir='ltr'><em>Catullus</em></span> 
     </span>
     <span class='ocr_line' id='line_1_7' title="bbox 225 983 999 1062; baseline 0 -18"><span class='ocrx_word' id='word_1_51' title='bbox 225 986 309 1046; x_wconf 82' lang='lat' dir='ltr'>XIII.</span> <span class='ocrx_word' id='word_1_52' title='bbox 373 1006 391 1062; x_wconf 90' lang='lat'><strong>9</strong></span> <span class='ocrx_word' id='word_1_53' title='bbox 414 1005 511 1046; x_wconf 91' lang='lat' dir='ltr'>meros</span> <span class='ocrx_word' id='word_1_54' title='bbox 527 1005 643 1046; x_wconf 90' lang='lat' dir='ltr'>amores</span> <span class='ocrx_word' id='word_1_55' title='bbox 656 985 728 1058; x_wconf 88' lang='lat' dir='ltr'>BG,</span> <span class='ocrx_word' id='word_1_56' title='bbox 742 1004 827 1046; x_wconf 90' lang='lat' dir='ltr'>meos</span> <span class='ocrx_word' id='word_1_57' title='bbox 840 1003 956 1045; x_wconf 88' lang='lat' dir='ltr'>amores</span> <span class='ocrx_word' id='word_1_58' title='bbox 971 983 999 1044; x_wconf 93' lang='lat'><em>0</em></span> 
     </span>
     <span class='ocr_line' id='line_1_8' title="bbox 194 1080 1291 1158; baseline -0.003 -14"><span class='ocrx_word' id='word_1_59' title='bbox 194 1084 318 1145; x_wconf 88' lang='lat' dir='ltr'>LXXII.</span> <span class='ocrx_word' id='word_1_60' title='bbox 372 1086 390 1142; x_wconf 92' lang='lat'>6</span> <span class='ocrx_word' id='word_1_61' title='bbox 412 1084 507 1143; x_wconf 86' lang='lat' dir='ltr'>Multo</span> <span class='ocrx_word' id='word_1_62' title='bbox 527 1084 567 1141; x_wconf 86' lang='lat' dir='ltr'>ita</span> <span class='ocrx_word' id='word_1_63' title='bbox 588 1101 636 1142; x_wconf 90' lang='lat' dir='ltr'>me</span> <span class='ocrx_word' id='word_1_64' title='bbox 656 1102 711 1142; x_wconf 92' lang='lat' dir='ltr'>nec</span> <span class='ocrx_word' id='word_1_65' title='bbox 728 1080 828 1156; x_wconf 93' lang='lat' dir='ltr'><em>BGO,</em></span> <span class='ocrx_word' id='word_1_66' title='bbox 846 1080 956 1142; x_wconf 89' lang='lat' dir='ltr'>Multo&#39;&#39;</span> <span class='ocrx_word' id='word_1_67' title='bbox 973 1100 1022 1143; x_wconf 85' lang='lat' dir='ltr'>me</span> <span class='ocrx_word' id='word_1_68' title='bbox 1037 1083 1094 1142; x_wconf 78' lang='lat' dir='ltr'>”ita</span> <span class='ocrx_word' id='word_1_69' title='bbox 1114 1101 1171 1142; x_wconf 92' lang='lat' dir='ltr'>nec</span> <span class='ocrx_word' id='word_1_70' title='bbox 1191 1080 1226 1155; x_wconf 87' lang='lat' dir='ltr'>C,</span> <span class='ocrx_word' id='word_1_71' title='bbox 1243 1080 1291 1158; x_wconf 88' lang='lat' dir='ltr'>qui</span> 
     </span>
     <span class='ocr_line' id='line_1_9' title="bbox 464 1180 1293 1258; baseline 0.001 -18"><span class='ocrx_word' id='word_1_72' title='bbox 464 1200 551 1240; x_wconf 89' lang='lat' dir='ltr'>uerae</span> <span class='ocrx_word' id='word_1_73' title='bbox 573 1181 730 1258; x_wconf 82' lang='lat' dir='ltr'>scripturae</span> <span class='ocrx_word' id='word_1_74' title='bbox 749 1182 873 1258; x_wconf 87' lang='lat' dir='ltr'>uestigia</span> <span class='ocrx_word' id='word_1_75' title='bbox 892 1181 973 1242; x_wconf 90' lang='lat' dir='ltr'>solus</span> <span class='ocrx_word' id='word_1_76' title='bbox 992 1181 1128 1242; x_wconf 80' lang='lat' dir='ltr'>seruauit</span> <span class='ocrx_word' id='word_1_77' title='bbox 1173 1180 1293 1257; x_wconf 86' lang='lat' dir='ltr'>Scn&#39;psit</span> 
     </span>
     <span class='ocr_line' id='line_1_10' title="bbox 465 1277 1012 1338; baseline 0 -2"><span class='ocrx_word' id='word_1_78' title='bbox 465 1279 544 1337; x_wconf 88' lang='lat' dir='ltr'>enim</span> <span class='ocrx_word' id='word_1_79' title='bbox 560 1277 689 1338; x_wconf 84' lang='lat' dir='ltr'>Catullus</span> <span class='ocrx_word' id='word_1_80' title='bbox 702 1277 799 1338; x_wconf 78' lang='lat' dir='ltr'>Multo</span> <span class='ocrx_word' id='word_1_81' title='bbox 811 1281 867 1337; x_wconf 77' lang='lat' dir='ltr'>nui</span> <span class='ocrx_word' id='word_1_82' title='bbox 876 1285 966 1337; x_wconf 70' lang='lat' dir='ltr'>maren</span> <span class='ocrx_word' id='word_1_83' title='bbox 976 1297 1012 1337; x_wconf 81' lang='lat' dir='ltr'>es.</span> 
     </span>
    </p>

    <p class='ocr_par' dir='ltr' id='par_1_3' title="bbox 69 1375 1295 3612">
     <span class='ocr_line' id='line_1_11' title="bbox 181 1375 1293 1453; baseline 0 -19"><span class='ocrx_word' id='word_1_84' title='bbox 181 1377 278 1437; x_wconf 92' lang='lat' dir='ltr'>Venio</span> <span class='ocrx_word' id='word_1_85' title='bbox 298 1376 336 1436; x_wconf 84' lang='lat' dir='ltr'>ad</span> <span class='ocrx_word' id='word_1_86' title='bbox 364 1376 447 1435; x_wconf 91' lang='lat' dir='ltr'>locos</span> <span class='ocrx_word' id='word_1_87' title='bbox 474 1376 525 1434; x_wconf 91' lang='lat' dir='ltr'>ubi</span> <span class='ocrx_word' id='word_1_88' title='bbox 552 1376 682 1453; x_wconf 82' lang='lat' dir='ltr'>duplices</span> <span class='ocrx_word' id='word_1_89' title='bbox 710 1378 869 1453; x_wconf 83' lang='lat' dir='ltr'>scripturae</span> <span class='ocrx_word' id='word_1_90' title='bbox 895 1376 957 1436; x_wconf 90' lang='lat' dir='ltr'>siue</span> <span class='ocrx_word' id='word_1_91' title='bbox 981 1375 1072 1436; x_wconf 88' lang='lat' dir='ltr'>altera</span> <span class='ocrx_word' id='word_1_92' title='bbox 1091 1375 1174 1436; x_wconf 89' lang='lat' dir='ltr'>alteri</span> <span class='ocrx_word' id='word_1_93' title='bbox 1193 1391 1293 1452; x_wconf 85' lang='lat' dir='ltr'>super·</span> 
     </span>
     <span class='ocr_line' id='line_1_12' title="bbox 140 1473 1293 1552; baseline -0.003 -15"><span class='ocrx_word' id='word_1_94' title='bbox 140 1477 262 1552; x_wconf 86' lang='lat' dir='ltr'>scriptae</span> <span class='ocrx_word' id='word_1_95' title='bbox 277 1475 338 1533; x_wconf 89' lang='lat' dir='ltr'>siue</span> <span class='ocrx_word' id='word_1_96' title='bbox 353 1475 383 1533; x_wconf 90' lang='lat' dir='ltr'>in</span> <span class='ocrx_word' id='word_1_97' title='bbox 397 1484 535 1533; x_wconf 85' lang='lat' dir='ltr'>contextu</span> <span class='ocrx_word' id='word_1_98' title='bbox 548 1476 700 1551; x_wconf 89' lang='lat' dir='ltr'>appositae</span> <span class='ocrx_word' id='word_1_99' title='bbox 719 1476 781 1535; x_wconf 89' lang='lat' dir='ltr'>siue</span> <span class='ocrx_word' id='word_1_100' title='bbox 795 1476 921 1552; x_wconf 88' lang='lat' dir='ltr'>denique</span> <span class='ocrx_word' id='word_1_101' title='bbox 939 1476 970 1534; x_wconf 90' lang='lat' dir='ltr'>in</span> <span class='ocrx_word' id='word_1_102' title='bbox 983 1475 1117 1551; x_wconf 84' lang='lat' dir='ltr'>margine</span> <span class='ocrx_word' id='word_1_103' title='bbox 1130 1473 1293 1550; x_wconf 82' lang='lat' dir='ltr'>adscriptae</span> 
     </span>
     <span class='ocr_line' id='line_1_13' title="bbox 141 1570 1293 1652; baseline -0.003 -19"><span class='ocrx_word' id='word_1_104' title='bbox 141 1576 263 1634; x_wconf 82' lang='lat' dir='ltr'>suerunt.</span> <span class='ocrx_word' id='word_1_105' title='bbox 305 1571 420 1631; x_wconf 88' lang='lat' dir='ltr'>Harum</span> <span class='ocrx_word' id='word_1_106' title='bbox 444 1573 569 1649; x_wconf 88' lang='lat' dir='ltr'>plurima</span> <span class='ocrx_word' id='word_1_107' title='bbox 587 1592 655 1652; x_wconf 90' lang='lat' dir='ltr'>pars</span> <span class='ocrx_word' id='word_1_108' title='bbox 676 1574 707 1633; x_wconf 90' lang='lat' dir='ltr'>in</span> <span class='ocrx_word' id='word_1_109' title='bbox 730 1573 768 1645; x_wconf 89' lang='lat' dir='ltr'>G,</span> <span class='ocrx_word' id='word_1_110' title='bbox 789 1593 901 1651; x_wconf 88' lang='lat' dir='ltr'>paucae</span> <span class='ocrx_word' id='word_1_111' title='bbox 920 1575 952 1632; x_wconf 93' lang='lat' dir='ltr'>in</span> <span class='ocrx_word' id='word_1_112' title='bbox 974 1572 1010 1646; x_wconf 93' lang='lat' dir='ltr'>O,</span> <span class='ocrx_word' id='word_1_113' title='bbox 1030 1571 1192 1633; x_wconf 81' lang='lat' dir='ltr'>nonnullae</span> <span class='ocrx_word' id='word_1_114' title='bbox 1211 1573 1243 1630; x_wconf 94' lang='lat' dir='ltr'>in</span> <span class='ocrx_word' id='word_1_115' title='bbox 1262 1570 1293 1629; x_wconf 95' lang='lat' dir='ltr'><em>B</em></span> 
     </span>
     <span class='ocr_line' id='line_1_14' title="bbox 141 1668 1293 1750; baseline -0.003 -19"><span class='ocrx_word' id='word_1_116' title='bbox 141 1681 297 1731; x_wconf 89' lang='lat' dir='ltr'>seruantur.</span> <span class='ocrx_word' id='word_1_117' title='bbox 341 1668 406 1728; x_wconf 88' lang='lat' dir='ltr'>Has</span> <span class='ocrx_word' id='word_1_118' title='bbox 434 1669 609 1730; x_wconf 89' lang='lat' dir='ltr'>Behrensius</span> <span class='ocrx_word' id='word_1_119' title='bbox 637 1673 784 1749; x_wconf 84' lang='lat' dir='ltr'>congessit</span> <span class='ocrx_word' id='word_1_120' title='bbox 808 1691 857 1750; x_wconf 90' lang='lat' dir='ltr'>pp.</span> <span class='ocrx_word' id='word_1_121' title='bbox 880 1675 999 1747; x_wconf 79' lang='lat'><strong>35-383</strong></span> <span class='ocrx_word' id='word_1_122' title='bbox 1027 1671 1243 1748; x_wconf 82' lang='lat' dir='ltr'>existumatque</span> <span class='ocrx_word' id='word_1_123' title='bbox 1261 1671 1293 1728; x_wconf 90' lang='lat' dir='ltr'>in</span> 
     </span>
     <span class='ocr_line' id='line_1_15' title="bbox 140 1767 1292 1847; baseline -0.001 -20"><span class='ocrx_word' id='word_1_124' title='bbox 140 1768 289 1845; x_wconf 87' lang='lat' dir='ltr'>principali</span> <span class='ocrx_word' id='word_1_125' title='bbox 303 1768 352 1827; x_wconf 90' lang='lat' dir='ltr'>illo</span> <span class='ocrx_word' id='word_1_126' title='bbox 366 1768 544 1830; x_wconf 87' lang='lat' dir='ltr'>Veronensis</span> <span class='ocrx_word' id='word_1_127' title='bbox 558 1770 660 1830; x_wconf 89' lang='lat' dir='ltr'>codice</span> <span class='ocrx_word' id='word_1_128' title='bbox 674 1770 772 1831; x_wconf 82' lang='lat' dir='ltr'>fuisse.</span> <span class='ocrx_word' id='word_1_129' title='bbox 814 1770 905 1843; x_wconf 91' lang='lat' dir='ltr'>Quod</span> <span class='ocrx_word' id='word_1_130' title='bbox 918 1787 1087 1847; x_wconf 90' lang='lat' dir='ltr'>quanquam</span> <span class='ocrx_word' id='word_1_131' title='bbox 1101 1778 1132 1827; x_wconf 90' lang='lat' dir='ltr'>et</span> <span class='ocrx_word' id='word_1_132' title='bbox 1146 1769 1211 1845; x_wconf 84' lang='lat' dir='ltr'>ipse</span> <span class='ocrx_word' id='word_1_133' title='bbox 1221 1767 1292 1827; x_wconf 89' lang='lat' dir='ltr'>olim</span> 
     </span>
     <span class='ocr_line' id='line_1_16' title="bbox 139 1865 1293 1946; baseline 0.003 -24"><span class='ocrx_word' id='word_1_134' title='bbox 139 1866 248 1923; x_wconf 87' lang='lat' dir='ltr'>iactum</span> <span class='ocrx_word' id='word_1_135' title='bbox 268 1865 384 1938; x_wconf 91' lang='lat' dir='ltr'>credidi,</span> <span class='ocrx_word' id='word_1_136' title='bbox 399 1876 429 1925; x_wconf 93' lang='lat' dir='ltr'>et</span> <span class='ocrx_word' id='word_1_137' title='bbox 439 1885 521 1926; x_wconf 89' lang='lat' dir='ltr'>nunc</span> <span class='ocrx_word' id='word_1_138' title='bbox 535 1869 624 1928; x_wconf 91' lang='lat' dir='ltr'>credo</span> <span class='ocrx_word' id='word_1_139' title='bbox 638 1869 699 1928; x_wconf 87' lang='lat' dir='ltr'>fieri</span> <span class='ocrx_word' id='word_1_140' title='bbox 717 1868 855 1946; x_wconf 87' lang='lat' dir='ltr'>potuisse,</span> <span class='ocrx_word' id='word_1_141' title='bbox 870 1885 1056 1945; x_wconf 86' lang='lat' dir='ltr'>nequaquam</span> <span class='ocrx_word' id='word_1_142' title='bbox 1070 1877 1171 1926; x_wconf 87' lang='lat' dir='ltr'>tamen</span> <span class='ocrx_word' id='word_1_143' title='bbox 1190 1865 1221 1925; x_wconf 91' lang='lat' dir='ltr'>id</span> <span class='ocrx_word' id='word_1_144' title='bbox 1237 1883 1293 1943; x_wconf 88' lang='lat' dir='ltr'>pro</span> 
     </span>
     <span class='ocr_line' id='line_1_17' title="bbox 140 1966 1294 2045; baseline -0.002 -19"><span class='ocrx_word' id='word_1_145' title='bbox 140 1967 291 2043; x_wconf 84' lang='lat' dir='ltr'>explorato</span> <span class='ocrx_word' id='word_1_146' title='bbox 312 1966 472 2026; x_wconf 87' lang='lat' dir='ltr'>habuerim.</span> <span class='ocrx_word' id='word_1_147' title='bbox 514 1967 592 2027; x_wconf 88' lang='lat' dir='ltr'>Nam</span> <span class='ocrx_word' id='word_1_148' title='bbox 614 1969 638 2027; x_wconf 88' lang='lat' dir='ltr'>si</span> <span class='ocrx_word' id='word_1_149' title='bbox 659 1968 769 2027; x_wconf 90' lang='lat' dir='ltr'>codicis</span> <span class='ocrx_word' id='word_1_150' title='bbox 790 1968 851 2027; x_wconf 91' lang='lat' dir='ltr'>eius</span> <span class='ocrx_word' id='word_1_151' title='bbox 871 1986 960 2045; x_wconf 89' lang='lat' dir='ltr'>quem</span> <span class='ocrx_word' id='word_1_152' title='bbox 979 1966 1161 2028; x_wconf 87' lang='lat' dir='ltr'>Veronensis</span> <span class='ocrx_word' id='word_1_153' title='bbox 1182 1966 1294 2026; x_wconf 89' lang='lat' dir='ltr'>inuenit</span> 
     </span>
     <span class='ocr_line' id='line_1_18' title="bbox 141 2063 1294 2141; baseline -0.002 -17"><span class='ocrx_word' id='word_1_154' title='bbox 141 2083 208 2124; x_wconf 88' lang='lat' dir='ltr'>curn</span> <span class='ocrx_word' id='word_1_155' title='bbox 236 2064 334 2122; x_wconf 88' lang='lat' dir='ltr'>multis</span> <span class='ocrx_word' id='word_1_156' title='bbox 361 2066 446 2123; x_wconf 88' lang='lat' dir='ltr'>annis</span> <span class='ocrx_word' id='word_1_157' title='bbox 474 2065 640 2141; x_wconf 88' lang='lat' dir='ltr'>deperditus</span> <span class='ocrx_word' id='word_1_158' title='bbox 667 2075 745 2124; x_wconf 88' lang='lat' dir='ltr'>esset</span> <span class='ocrx_word' id='word_1_159' title='bbox 775 2064 958 2125; x_wconf 90' lang='lat' dir='ltr'>obscuriores</span> <span class='ocrx_word' id='word_1_160' title='bbox 986 2064 1046 2124; x_wconf 88' lang='lat' dir='ltr'>iarn</span> <span class='ocrx_word' id='word_1_161' title='bbox 1073 2063 1168 2124; x_wconf 85' lang='lat' dir='ltr'>iactae</span> <span class='ocrx_word' id='word_1_162' title='bbox 1195 2073 1294 2123; x_wconf 88' lang='lat' dir='ltr'>essent</span> 
     </span>
     <span class='ocr_line' id='line_1_19' title="bbox 140 2161 1295 2240; baseline 0.003 -20"><span class='ocrx_word' id='word_1_163' title='bbox 140 2163 260 2233; x_wconf 88' lang='lat' dir='ltr'>litterae,</span> <span class='ocrx_word' id='word_1_164' title='bbox 269 2171 301 2220; x_wconf 92' lang='lat' dir='ltr'>ut</span> <span class='ocrx_word' id='word_1_165' title='bbox 310 2161 432 2238; x_wconf 90' lang='lat' dir='ltr'>quisque</span> <span class='ocrx_word' id='word_1_166' title='bbox 440 2166 601 2223; x_wconf 86' lang='lat' dir='ltr'>accuratior</span> <span class='ocrx_word' id='word_1_167' title='bbox 609 2165 640 2223; x_wconf 92' lang='lat' dir='ltr'>in</span> <span class='ocrx_word' id='word_1_168' title='bbox 649 2161 842 2222; x_wconf 88' lang='lat' dir='ltr'>describendo</span> <span class='ocrx_word' id='word_1_169' title='bbox 853 2162 914 2235; x_wconf 86' lang='lat' dir='ltr'>init,</span> <span class='ocrx_word' id='word_1_170' title='bbox 923 2162 1104 2240; x_wconf 82' lang='lat' dir='ltr'>diligentiam</span> <span class='ocrx_word' id='word_1_171' title='bbox 1111 2161 1295 2223; x_wconf 85' lang='lat' dir='ltr'>adhibiturus</span> 
     </span>
     <span class='ocr_line' id='line_1_20' title="bbox 141 2260 1294 2339; baseline 0.001 -19"><span class='ocrx_word' id='word_1_172' title='bbox 141 2270 201 2320; x_wconf 87' lang='lat' dir='ltr'>erat</span> <span class='ocrx_word' id='word_1_173' title='bbox 214 2271 246 2318; x_wconf 87' lang='lat' dir='ltr'>ut</span> <span class='ocrx_word' id='word_1_174' title='bbox 260 2277 334 2337; x_wconf 90' lang='lat' dir='ltr'>quae</span> <span class='ocrx_word' id='word_1_175' title='bbox 347 2260 457 2320; x_wconf 87' lang='lat' dir='ltr'>incerta</span> <span class='ocrx_word' id='word_1_176' title='bbox 471 2261 580 2339; x_wconf 91' lang='lat' dir='ltr'>legenti</span> <span class='ocrx_word' id='word_1_177' title='bbox 597 2262 772 2334; x_wconf 90' lang='lat' dir='ltr'>uiderentur,</span> <span class='ocrx_word' id='word_1_178' title='bbox 786 2263 896 2320; x_wconf 89' lang='lat' dir='ltr'>incerta</span> <span class='ocrx_word' id='word_1_179' title='bbox 909 2261 972 2339; x_wconf 92' lang='lat' dir='ltr'>ipse</span> <span class='ocrx_word' id='word_1_180' title='bbox 985 2260 1116 2333; x_wconf 86' lang='lat' dir='ltr'>traderet,</span> <span class='ocrx_word' id='word_1_181' title='bbox 1130 2260 1223 2338; x_wconf 91' lang='lat' dir='ltr'>idque</span> <span class='ocrx_word' id='word_1_182' title='bbox 1236 2260 1294 2337; x_wconf 90' lang='lat' dir='ltr'>sig·</span> 
     </span>
     <span class='ocr_line' id='line_1_21' title="bbox 141 2359 1294 2437; baseline 0.002 -20"><span class='ocrx_word' id='word_1_183' title='bbox 141 2359 269 2418; x_wconf 89' lang='lat' dir='ltr'>nificaret</span> <span class='ocrx_word' id='word_1_184' title='bbox 280 2359 417 2436; x_wconf 90' lang='lat' dir='ltr'>apposito</span> <span class='ocrx_word' id='word_1_185' title='bbox 427 2360 509 2436; x_wconf 92' lang='lat' dir='ltr'>quod</span> <span class='ocrx_word' id='word_1_186' title='bbox 519 2362 624 2421; x_wconf 89' lang='lat' dir='ltr'>rectius</span> <span class='ocrx_word' id='word_1_187' title='bbox 635 2379 699 2421; x_wconf 91' lang='lat' dir='ltr'>esse</span> <span class='ocrx_word' id='word_1_188' title='bbox 710 2369 818 2437; x_wconf 88' lang='lat' dir='ltr'>posset.</span> <span class='ocrx_word' id='word_1_189' title='bbox 847 2360 907 2420; x_wconf 89' lang='lat' dir='ltr'>Sed</span> <span class='ocrx_word' id='word_1_190' title='bbox 916 2359 1096 2419; x_wconf 89' lang='lat' dir='ltr'>cumhorum</span> <span class='ocrx_word' id='word_1_191' title='bbox 1104 2361 1294 2434; x_wconf 59' lang='lat' dir='ltr'>&amp;nappaeae</span> 
     </span>
     <span class='ocr_line' id='line_1_22' title="bbox 139 2454 1293 2536; baseline 0.001 -22"><span class='ocrx_word' id='word_1_192' title='bbox 139 2461 221 2529; x_wconf 80' lang='grc' dir='ltr'><strong><em>μένων</em></strong></span> <span class='ocrx_word' id='word_1_193' title='bbox 233 2458 306 2516; x_wconf 90' lang='lat' dir='ltr'>haec</span> <span class='ocrx_word' id='word_1_194' title='bbox 325 2457 361 2516; x_wconf 91' lang='lat' dir='ltr'>sit</span> <span class='ocrx_word' id='word_1_195' title='bbox 379 2458 453 2517; x_wconf 89' lang='lat' dir='ltr'>ratio</span> <span class='ocrx_word' id='word_1_196' title='bbox 467 2466 500 2517; x_wconf 91' lang='lat' dir='ltr'>ut</span> <span class='ocrx_word' id='word_1_197' title='bbox 517 2459 656 2536; x_wconf 88' lang='lat' dir='ltr'>pleraque</span> <span class='ocrx_word' id='word_1_198' title='bbox 675 2459 705 2516; x_wconf 89' lang='lat' dir='ltr'>in</span> <span class='ocrx_word' id='word_1_199' title='bbox 722 2458 751 2518; x_wconf 89' lang='lat' dir='ltr'><em>G</em></span> <span class='ocrx_word' id='word_1_200' title='bbox 764 2459 958 2529; x_wconf 87' lang='lat' dir='ltr'>inueniantur,</span> <span class='ocrx_word' id='word_1_201' title='bbox 971 2473 1065 2535; x_wconf 87' lang='lat' dir='ltr'>pauca</span> <span class='ocrx_word' id='word_1_202' title='bbox 1080 2466 1195 2516; x_wconf 80' lang='lat' dir='ltr'>tanmm</span> <span class='ocrx_word' id='word_1_203' title='bbox 1209 2457 1241 2515; x_wconf 91' lang='lat' dir='ltr'>in</span> <span class='ocrx_word' id='word_1_204' title='bbox 1258 2454 1293 2528; x_wconf 93' lang='lat'>0,</span> 
     </span>
     <span class='ocr_line' id='line_1_23' title="bbox 140 2553 1295 2633; baseline 0 -18"><span class='ocrx_word' id='word_1_205' title='bbox 140 2556 222 2615; x_wconf 91' lang='lat' dir='ltr'>cuius</span> <span class='ocrx_word' id='word_1_206' title='bbox 233 2575 286 2633; x_wconf 92' lang='lat' dir='ltr'>par</span> <span class='ocrx_word' id='word_1_207' title='bbox 299 2555 454 2632; x_wconf 90' lang='lat' dir='ltr'>antiquitas</span> <span class='ocrx_word' id='word_1_208' title='bbox 468 2559 564 2616; x_wconf 91' lang='lat' dir='ltr'>scriba</span> <span class='ocrx_word' id='word_1_209' title='bbox 576 2556 716 2627; x_wconf 91' lang='lat' dir='ltr'>inscitior,</span> <span class='ocrx_word' id='word_1_210' title='bbox 724 2555 782 2615; x_wconf 91' lang='lat' dir='ltr'>huc</span> <span class='ocrx_word' id='word_1_211' title='bbox 793 2556 888 2633; x_wconf 91' lang='lat' dir='ltr'>magis</span> <span class='ocrx_word' id='word_1_212' title='bbox 897 2555 1014 2627; x_wconf 90' lang='lat' dir='ltr'>inclino,</span> <span class='ocrx_word' id='word_1_213' title='bbox 1024 2564 1056 2614; x_wconf 87' lang='lat' dir='ltr'>ut</span> <span class='ocrx_word' id='word_1_214' title='bbox 1067 2553 1185 2614; x_wconf 86' lang='lat' dir='ltr'>credam</span> <span class='ocrx_word' id='word_1_215' title='bbox 1196 2572 1295 2632; x_wconf 90' lang='lat' dir='ltr'>neque</span> 
     </span>
     <span class='ocr_line' id='line_1_24' title="bbox 69 2652 1293 2731; baseline -0.002 -17"><span class='ocrx_word' id='word_1_216' title='bbox 69 2678 73 2685; x_wconf 93' lang='lat'>·</span> <span class='ocrx_word' id='word_1_217' title='bbox 143 2654 172 2714; x_wconf 94' lang='lat' dir='ltr'><em>G</em></span> <span class='ocrx_word' id='word_1_218' title='bbox 188 2672 284 2730; x_wconf 91' lang='lat' dir='ltr'>neque</span> <span class='ocrx_word' id='word_1_219' title='bbox 301 2653 327 2712; x_wconf 91' lang='lat'><strong><em>0</em></strong></span> <span class='ocrx_word' id='word_1_220' title='bbox 345 2673 382 2713; x_wconf 84' lang='lat' dir='ltr'>ex</span> <span class='ocrx_word' id='word_1_221' title='bbox 401 2655 496 2729; x_wconf 91' lang='lat' dir='ltr'>primo</span> <span class='ocrx_word' id='word_1_222' title='bbox 514 2655 564 2714; x_wconf 91' lang='lat' dir='ltr'>illo</span> <span class='ocrx_word' id='word_1_223' title='bbox 584 2655 687 2715; x_wconf 90' lang='lat' dir='ltr'>codiee</span> <span class='ocrx_word' id='word_1_224' title='bbox 705 2655 908 2731; x_wconf 80' lang='lat' dir='ltr'>transcriptos3</span> <span class='ocrx_word' id='word_1_225' title='bbox 930 2652 983 2714; x_wconf 87' lang='lat' dir='ltr'>sed</span> <span class='ocrx_word' id='word_1_226' title='bbox 1001 2670 1069 2713; x_wconf 91' lang='lat' dir='ltr'>cum</span> <span class='ocrx_word' id='word_1_227' title='bbox 1088 2653 1114 2712; x_wconf 90' lang='lat' dir='ltr'>is</span> <span class='ocrx_word' id='word_1_228' title='bbox 1131 2653 1193 2713; x_wconf 89' lang='lat' dir='ltr'>iam</span> <span class='ocrx_word' id='word_1_229' title='bbox 1211 2670 1293 2712; x_wconf 84' lang='lat' dir='ltr'>anno</span> 
     </span>
     <span class='ocr_line' id='line_1_25' title="bbox 143 2748 1294 2827; baseline 0.001 -17"><span class='ocrx_word' id='word_1_230' title='bbox 143 2771 221 2826; x_wconf 84' lang='lat'>1300</span> <span class='ocrx_word' id='word_1_231' title='bbox 240 2753 420 2824; x_wconf 90' lang='lat' dir='ltr'>innotuisset,</span> <span class='ocrx_word' id='word_1_232' title='bbox 437 2751 645 2813; x_wconf 89' lang='lat' dir='ltr'>Gennanensis</span> <span class='ocrx_word' id='word_1_233' title='bbox 666 2762 763 2813; x_wconf 90' lang='lat' dir='ltr'>autem</span> <span class='ocrx_word' id='word_1_234' title='bbox 782 2770 843 2811; x_wconf 92' lang='lat' dir='ltr'>non</span> <span class='ocrx_word' id='word_1_235' title='bbox 864 2760 931 2812; x_wconf 90' lang='lat' dir='ltr'>ante</span> <span class='ocrx_word' id='word_1_236' title='bbox 951 2765 1038 2827; x_wconf 82' lang='lat'>1375,</span> <span class='ocrx_word' id='word_1_237' title='bbox 1059 2748 1086 2809; x_wconf 94' lang='lat'><strong><em>0</em></strong></span> <span class='ocrx_word' id='word_1_238' title='bbox 1104 2750 1212 2811; x_wconf 88' lang='lat' dir='ltr'>eodem</span> <span class='ocrx_word' id='word_1_239' title='bbox 1231 2749 1294 2811; x_wconf 86' lang='lat' dir='ltr'>iere</span> 
     </span>
     <span class='ocr_line' id='line_1_26' title="bbox 140 2849 1293 2928; baseline 0 -20"><span class='ocrx_word' id='word_1_240' title='bbox 140 2860 270 2925; x_wconf 86' lang='lat' dir='ltr'>tempore</span> <span class='ocrx_word' id='word_1_241' title='bbox 280 2850 403 2926; x_wconf 90' lang='lat' dir='ltr'>scriptus</span> <span class='ocrx_word' id='word_1_242' title='bbox 412 2853 574 2921; x_wconf 87' lang='lat' dir='ltr'>esset,inter</span> <span class='ocrx_word' id='word_1_243' title='bbox 582 2851 637 2911; x_wconf 92' lang='lat' dir='ltr'>hos</span> <span class='ocrx_word' id='word_1_244' title='bbox 645 2860 785 2928; x_wconf 89' lang='lat' dir='ltr'>utrosque</span> <span class='ocrx_word' id='word_1_245' title='bbox 793 2861 823 2910; x_wconf 93' lang='lat' dir='ltr'>et</span> <span class='ocrx_word' id='word_1_246' title='bbox 830 2851 911 2910; x_wconf 91' lang='lat' dir='ltr'>illurn</span> <span class='ocrx_word' id='word_1_247' title='bbox 919 2851 1047 2928; x_wconf 90' lang='lat' dir='ltr'>primum</span> <span class='ocrx_word' id='word_1_248' title='bbox 1055 2849 1190 2909; x_wconf 91' lang='lat' dir='ltr'>codicem</span> <span class='ocrx_word' id='word_1_249' title='bbox 1198 2866 1293 2908; x_wconf 89' lang='lat' dir='ltr'>unum</span> 
     </span>
     <span class='ocr_line' id='line_1_27' title="bbox 140 2947 1292 3027; baseline 0.002 -21"><span class='ocrx_word' id='word_1_250' title='bbox 140 2948 244 3007; x_wconf 88' lang='lat' dir='ltr'>saltem</span> <span class='ocrx_word' id='word_1_251' title='bbox 258 2948 365 3007; x_wconf 76' lang='lat' dir='ltr'>euhoe</span> <span class='ocrx_word' id='word_1_252' title='bbox 380 2949 556 3026; x_wconf 88' lang='lat' dir='ltr'>descriptum</span> <span class='ocrx_word' id='word_1_253' title='bbox 570 2952 727 3027; x_wconf 87' lang='lat' dir='ltr'>exemplar,</span> <span class='ocrx_word' id='word_1_254' title='bbox 742 2950 863 3010; x_wconf 83' lang='lat' dir='ltr'>fortasse</span> <span class='ocrx_word' id='word_1_255' title='bbox 877 2950 963 3008; x_wconf 86' lang='lat' dir='ltr'>etiam</span> <span class='ocrx_word' id='word_1_256' title='bbox 977 2948 1061 3027; x_wconf 90' lang='lat' dir='ltr'>plura</span> <span class='ocrx_word' id='word_1_257' title='bbox 1073 2947 1292 3020; x_wconf 89' lang='lat' dir='ltr'>intercessisse;</span> 
     </span>
     <span class='ocr_line' id='line_1_28' title="bbox 140 3042 1292 3124; baseline 0.003 -23"><span class='ocrx_word' id='word_1_258' title='bbox 140 3062 237 3120; x_wconf 89' lang='lat' dir='ltr'>neque</span> <span class='ocrx_word' id='word_1_259' title='bbox 257 3063 328 3103; x_wconf 92' lang='lat' dir='ltr'>uero</span> <span class='ocrx_word' id='word_1_260' title='bbox 349 3064 386 3103; x_wconf 86' lang='lat' dir='ltr'>ex</span> <span class='ocrx_word' id='word_1_261' title='bbox 407 3047 512 3104; x_wconf 89' lang='lat' dir='ltr'>eodem</span> <span class='ocrx_word' id='word_1_262' title='bbox 534 3047 704 3124; x_wconf 87' lang='lat' dir='ltr'>apographo</span> <span class='ocrx_word' id='word_1_263' title='bbox 724 3057 863 3124; x_wconf 87' lang='lat' dir='ltr'>utrosque</span> <span class='ocrx_word' id='word_1_264' title='bbox 887 3045 915 3106; x_wconf 98' lang='lat' dir='ltr'><em>G</em></span> <span class='ocrx_word' id='word_1_265' title='bbox 935 3056 965 3106; x_wconf 94' lang='lat' dir='ltr'>et</span> <span class='ocrx_word' id='word_1_266' title='bbox 988 3044 1022 3118; x_wconf 91' lang='lat'>0,</span> <span class='ocrx_word' id='word_1_267' title='bbox 1041 3045 1094 3106; x_wconf 87' lang='lat' dir='ltr'>sed</span> <span class='ocrx_word' id='word_1_268' title='bbox 1117 3042 1144 3103; x_wconf 94' lang='lat'><strong><em>0</em></strong></span> <span class='ocrx_word' id='word_1_269' title='bbox 1164 3063 1202 3104; x_wconf 91' lang='lat' dir='ltr'>ex</span> <span class='ocrx_word' id='word_1_270' title='bbox 1223 3045 1292 3105; x_wconf 87' lang='lat' dir='ltr'>sim·</span> 
     </span>
     <span class='ocr_line' id='line_1_29' title="bbox 140 3141 1292 3221; baseline 0.003 -22"><span class='ocrx_word' id='word_1_271' title='bbox 140 3142 268 3218; x_wconf 87' lang='lat' dir='ltr'>pliciore,</span> <span class='ocrx_word' id='word_1_272' title='bbox 292 3141 320 3202; x_wconf 98' lang='lat' dir='ltr'><em>G</em></span> <span class='ocrx_word' id='word_1_273' title='bbox 340 3161 377 3201; x_wconf 88' lang='lat' dir='ltr'>ex</span> <span class='ocrx_word' id='word_1_274' title='bbox 398 3145 558 3204; x_wconf 88' lang='lat' dir='ltr'>recentiore</span> <span class='ocrx_word' id='word_1_275' title='bbox 579 3145 766 3221; x_wconf 88' lang='lat' dir='ltr'>descriptum.</span> <span class='ocrx_word' id='word_1_276' title='bbox 809 3145 897 3216; x_wconf 89' lang='lat' dir='ltr'>Nam,</span> <span class='ocrx_word' id='word_1_277' title='bbox 917 3154 949 3204; x_wconf 91' lang='lat' dir='ltr'>ut</span> <span class='ocrx_word' id='word_1_278' title='bbox 970 3144 1037 3216; x_wconf 81' lang='lat' dir='ltr'>dixi,</span> <span class='ocrx_word' id='word_1_279' title='bbox 1058 3145 1117 3204; x_wconf 87' lang='lat' dir='ltr'>iam</span> <span class='ocrx_word' id='word_1_280' title='bbox 1138 3144 1171 3203; x_wconf 91' lang='lat' dir='ltr'>in</span> <span class='ocrx_word' id='word_1_281' title='bbox 1190 3141 1220 3203; x_wconf 95' lang='lat' dir='ltr'><em>G</em></span> <span class='ocrx_word' id='word_1_282' title='bbox 1240 3161 1292 3202; x_wconf 84' lang='lat' dir='ltr'>ex·</span> 
     </span>
     <span class='ocr_line' id='line_1_30' title="bbox 140 3239 1291 3318; baseline 0.002 -21"><span class='ocrx_word' id='word_1_283' title='bbox 140 3239 271 3298; x_wconf 88' lang='lat' dir='ltr'>ciderunt</span> <span class='ocrx_word' id='word_1_284' title='bbox 284 3239 379 3299; x_wconf 92' lang='lat' dir='ltr'>XCII.</span> <span class='ocrx_word' id='word_1_285' title='bbox 396 3261 423 3317; x_wconf 82' lang='lat'>3,</span> <span class='ocrx_word' id='word_1_286' title='bbox 436 3260 463 3312; x_wconf 85' lang='lat'>4,</span> <span class='ocrx_word' id='word_1_287' title='bbox 478 3252 626 3318; x_wconf 86' lang='lat' dir='ltr'>praeterea</span> <span class='ocrx_word' id='word_1_288' title='bbox 639 3243 685 3302; x_wconf 88' lang='lat' dir='ltr'>bis</span> <span class='ocrx_word' id='word_1_289' title='bbox 699 3242 834 3318; x_wconf 88' lang='lat' dir='ltr'>leguntur</span> <span class='ocrx_word' id='word_1_290' title='bbox 848 3242 972 3302; x_wconf 91' lang='lat' dir='ltr'>LXVII.</span> <span class='ocrx_word' id='word_1_291' title='bbox 986 3250 1063 3301; x_wconf 88' lang='lat' dir='ltr'>aret</span> <span class='ocrx_word' id='word_1_292' title='bbox 1076 3240 1219 3302; x_wconf 87' lang='lat' dir='ltr'>LXVIIL</span> <span class='ocrx_word' id='word_1_293' title='bbox 1235 3242 1291 3314; x_wconf 85' lang='lat'>16;</span> 
     </span>
     <span class='ocr_line' id='line_1_31' title="bbox 139 3338 1291 3417; baseline 0.001 -21"><span class='ocrx_word' id='word_1_294' title='bbox 139 3338 220 3413; x_wconf 91' lang='lat' dir='ltr'>quod</span> <span class='ocrx_word' id='word_1_295' title='bbox 242 3356 309 3396; x_wconf 91' lang='lat' dir='ltr'>cum</span> <span class='ocrx_word' id='word_1_296' title='bbox 330 3338 367 3397; x_wconf 92' lang='lat' dir='ltr'>ad</span> <span class='ocrx_word' id='word_1_297' title='bbox 388 3340 596 3416; x_wconf 86' lang='lat' dir='ltr'>indiligentiam</span> <span class='ocrx_word' id='word_1_298' title='bbox 624 3341 735 3399; x_wconf 90' lang='lat' dir='ltr'>scribae</span> <span class='ocrx_word' id='word_1_299' title='bbox 755 3339 853 3398; x_wconf 84' lang='lat' dir='ltr'>referri</span> <span class='ocrx_word' id='word_1_300' title='bbox 874 3348 1008 3417; x_wconf 89' lang='lat' dir='ltr'>nequeat,</span> <span class='ocrx_word' id='word_1_301' title='bbox 1029 3339 1097 3400; x_wconf 87' lang='lat' dir='ltr'>dicit</span> <span class='ocrx_word' id='word_1_302' title='bbox 1117 3339 1198 3399; x_wconf 90' lang='lat' dir='ltr'>euim</span> <span class='ocrx_word' id='word_1_303' title='bbox 1218 3356 1252 3398; x_wconf 88' lang='lat' dir='ltr'>se</span> <span class='ocrx_word' id='word_1_304' title='bbox 1271 3356 1291 3397; x_wconf 85' lang='lat' dir='ltr'>a</span> 
     </span>
     <span class='ocr_line' id='line_1_32' title="bbox 140 3436 1290 3515; baseline 0.003 -21"><span class='ocrx_word' id='word_1_305' title='bbox 140 3437 357 3512; x_wconf 89' lang='lat' dir='ltr'>corruptissimo</span> <span class='ocrx_word' id='word_1_306' title='bbox 369 3438 525 3514; x_wconf 87' lang='lat' dir='ltr'>exemplari</span> <span class='ocrx_word' id='word_1_307' title='bbox 540 3439 762 3515; x_wconf 89' lang='lat' dir='ltr'>transcripsisse,</span> <span class='ocrx_word' id='word_1_308' title='bbox 774 3436 937 3497; x_wconf 90' lang='lat' dir='ltr'>decreuisse</span> <span class='ocrx_word' id='word_1_309' title='bbox 950 3448 1050 3496; x_wconf 89' lang='lat' dir='ltr'>tamen</span> <span class='ocrx_word' id='word_1_310' title='bbox 1063 3438 1160 3514; x_wconf 87' lang='lat' dir='ltr'>potius</span> <span class='ocrx_word' id='word_1_311' title='bbox 1170 3455 1290 3514; x_wconf 83' lang='lat' dir='ltr'>corrup</span> 
     </span>
     <span class='ocr_line' id='line_1_33' title="bbox 139 3534 1289 3612; baseline 0.001 -20"><span class='ocrx_word' id='word_1_312' title='bbox 139 3543 201 3593; x_wconf 87' lang='lat' dir='ltr'>tum</span> <span class='ocrx_word' id='word_1_313' title='bbox 221 3535 326 3594; x_wconf 92' lang='lat' dir='ltr'>habere</span> <span class='ocrx_word' id='word_1_314' title='bbox 341 3553 428 3611; x_wconf 89' lang='lat' dir='ltr'>quarn</span> <span class='ocrx_word' id='word_1_315' title='bbox 443 3536 565 3595; x_wconf 89' lang='lat' dir='ltr'>omnino</span> <span class='ocrx_word' id='word_1_316' title='bbox 580 3554 685 3606; x_wconf 87' lang='lat' dir='ltr'>carere,</span> <span class='ocrx_word' id='word_1_317' title='bbox 699 3535 834 3595; x_wconf 88' lang='lat' dir='ltr'>credibile</span> <span class='ocrx_word' id='word_1_318' title='bbox 848 3546 893 3595; x_wconf 90' lang='lat' dir='ltr'>est</span> <span class='ocrx_word' id='word_1_319' title='bbox 913 3535 985 3596; x_wconf 86' lang='lat' dir='ltr'>haec</span> <span class='ocrx_word' id='word_1_320' title='bbox 999 3535 1058 3594; x_wconf 88' lang='lat' dir='ltr'>iam</span> <span class='ocrx_word' id='word_1_321' title='bbox 1071 3536 1102 3594; x_wconf 91' lang='lat' dir='ltr'>iu</span> <span class='ocrx_word' id='word_1_322' title='bbox 1115 3534 1289 3612; x_wconf 87' lang='lat' dir='ltr'>apographo</span> 
     </span>
    </p>
   </div>
   <div class='ocr_carea' id='block_1_3' title="bbox 138 3800 1291 4413">
    <p class='ocr_par' dir='ltr' id='par_1_4' title="bbox 345 3800 1123 3946">
     <span class='ocr_line' id='line_1_34' title="bbox 345 3800 885 3864; baseline 0.006 -18"><span class='ocrx_word' id='word_1_323' title='bbox 345 3800 408 3849; x_wconf 85' lang='lat' dir='ltr'>XVI.</span> <span class='ocrx_word' id='word_1_324' title='bbox 423 3813 453 3847; x_wconf 88' lang='lat'>10</span> <span class='ocrx_word' id='word_1_325' title='bbox 464 3800 570 3863; x_wconf 81' lang='lat' dir='ltr'>bonisque</span> <span class='ocrx_word' id='word_1_326' title='bbox 581 3801 697 3864; x_wconf 76' lang='lat' dir='ltr'>malisque,</span> <span class='ocrx_word' id='word_1_327' title='bbox 712 3817 792 3849; x_wconf 81' lang='lat' dir='ltr'>omnes</span> <span class='ocrx_word' id='word_1_328' title='bbox 804 3803 885 3849; x_wconf 84' lang='lat' dir='ltr'>sinceri</span> 
     </span>
     <span class='ocr_line' id='line_1_35' title="bbox 368 3882 1123 3946; baseline 0.004 -18"><span class='ocrx_word' id='word_1_329' title='bbox 368 3883 408 3931; x_wconf 89' lang='lat' dir='ltr'>VI.</span> <span class='ocrx_word' id='word_1_330' title='bbox 437 3882 452 3930; x_wconf 90' lang='lat'>8</span> <span class='ocrx_word' id='word_1_331' title='bbox 463 3884 575 3946; x_wconf 72' lang='lat' dir='ltr'>sertisque</span> <span class='ocrx_word' id='word_1_332' title='bbox 586 3883 723 3946; x_wconf 81' lang='lat' dir='ltr'>Assyrioque</span> <span class='ocrx_word' id='word_1_333' title='bbox 734 3886 844 3941; x_wconf 81' lang='lat' dir='ltr'>Datanur,</span> <span class='ocrx_word' id='word_1_334' title='bbox 855 3883 928 3932; x_wconf 76' lang='lat' dir='ltr'>Sertis</span> <span class='ocrx_word' id='word_1_335' title='bbox 939 3883 1011 3932; x_wconf 77' lang='lat' dir='ltr'>asirio</span> <span class='ocrx_word' id='word_1_336' title='bbox 1022 3883 1123 3946; x_wconf 83' lang='lat' dir='ltr'>plerique</span> 
     </span>
    </p>

    <p class='ocr_par' dir='ltr' id='par_1_5' title="bbox 138 3964 1291 4360">
     <span class='ocr_line' id='line_1_36' title="bbox 335 3964 982 4029; baseline 0.008 -20"><span class='ocrx_word' id='word_1_337' title='bbox 335 3964 407 4011; x_wconf 90' lang='lat' dir='ltr'>XLV.</span> <span class='ocrx_word' id='word_1_338' title='bbox 421 3978 449 4012; x_wconf 80' lang='lat'>22</span> <span class='ocrx_word' id='word_1_339' title='bbox 462 3965 584 4027; x_wconf 77' lang='lat' dir='ltr'>Syriosque</span> <span class='ocrx_word' id='word_1_340' title='bbox 595 3966 774 4029; x_wconf 61' lang='lat' dir='ltr'>Britanniaque</span> <span class='ocrx_word' id='word_1_341' title='bbox 788 3966 833 4014; x_wconf 89' lang='lat' dir='ltr'>GO</span> <span class='ocrx_word' id='word_1_342' title='bbox 845 3976 869 4014; x_wconf 87' lang='lat' dir='ltr'>et</span> <span class='ocrx_word' id='word_1_343' title='bbox 880 3966 982 4028; x_wconf 89' lang='lat' dir='ltr'>plerique</span> 
     </span>
     <span class='ocr_line' id='line_1_37' title="bbox 138 4045 1291 4111; baseline 0.003 -21"><span class='ocrx_word' id='word_1_344' title='bbox 138 4045 218 4105; x_wconf 84' lang='lat' dir='ltr'>quibus</span> <span class='ocrx_word' id='word_1_345' title='bbox 234 4045 364 4092; x_wconf 84' lang='lat' dir='ltr'>addendum</span> <span class='ocrx_word' id='word_1_346' title='bbox 381 4061 463 4093; x_wconf 86' lang='lat' dir='ltr'>censeo</span> <span class='ocrx_word' id='word_1_347' title='bbox 476 4046 519 4093; x_wconf 84' lang='lat' dir='ltr'>XI.</span> <span class='ocrx_word' id='word_1_348' title='bbox 533 4058 561 4093; x_wconf 88' lang='lat'>11</span> <span class='ocrx_word' id='word_1_349' title='bbox 573 4047 733 4109; x_wconf 78' lang='lat' dir='ltr'>horribilesque</span> <span class='ocrx_word' id='word_1_350' title='bbox 747 4048 888 4111; x_wconf 81' lang='lat' dir='ltr'>ultimosque,</span> <span class='ocrx_word' id='word_1_351' title='bbox 901 4064 954 4096; x_wconf 90' lang='lat' dir='ltr'>curn</span> <span class='ocrx_word' id='word_1_352' title='bbox 972 4048 1009 4095; x_wconf 88' lang='lat' dir='ltr'>bic</span> <span class='ocrx_word' id='word_1_353' title='bbox 1026 4062 1119 4110; x_wconf 87' lang='lat' dir='ltr'>quoque</span> <span class='ocrx_word' id='word_1_354' title='bbox 1135 4048 1235 4095; x_wconf 85' lang='lat' dir='ltr'>alterum</span> <span class='ocrx_word' id='word_1_355' title='bbox 1248 4061 1291 4109; x_wconf 76' lang='lat' dir='ltr'>que</span> 
     </span>
     <span class='ocr_line' id='line_1_38' title="bbox 138 4127 1291 4194; baseline 0.004 -22"><span class='ocrx_word' id='word_1_356' title='bbox 138 4141 167 4173; x_wconf 87' lang='lat' dir='ltr'>ex</span> <span class='ocrx_word' id='word_1_357' title='bbox 183 4127 254 4174; x_wconf 81' lang='lat' dir='ltr'>altero</span> <span class='ocrx_word' id='word_1_358' title='bbox 268 4137 345 4175; x_wconf 84' lang='lat' dir='ltr'>ortum</span> <span class='ocrx_word' id='word_1_359' title='bbox 360 4129 396 4175; x_wconf 84' lang='lat' dir='ltr'>sit.</span> <span class='ocrx_word' id='word_1_360' title='bbox 432 4128 487 4177; x_wconf 82' lang='lat' dir='ltr'>Alia</span> <span class='ocrx_word' id='word_1_361' title='bbox 503 4138 536 4175; x_wconf 81' lang='lat' dir='ltr'>est</span> <span class='ocrx_word' id='word_1_362' title='bbox 551 4131 610 4176; x_wconf 85' lang='lat' dir='ltr'>ratio</span> <span class='ocrx_word' id='word_1_363' title='bbox 626 4130 736 4178; x_wconf 78' lang='lat' dir='ltr'>xxxiv,</span> <span class='ocrx_word' id='word_1_364' title='bbox 750 4143 779 4177; x_wconf 80' lang='lat'>12</span> <span class='ocrx_word' id='word_1_365' title='bbox 797 4132 836 4178; x_wconf 90' lang='lat' dir='ltr'>ubi</span> <span class='ocrx_word' id='word_1_366' title='bbox 849 4132 870 4178; x_wconf 92' lang='lat' dir='ltr'><em>O</em></span> <span class='ocrx_word' id='word_1_367' title='bbox 885 4139 946 4179; x_wconf 87' lang='lat' dir='ltr'>recte</span> <span class='ocrx_word' id='word_1_368' title='bbox 961 4130 1032 4178; x_wconf 80' lang='lat' dir='ltr'>habet</span> <span class='ocrx_word' id='word_1_369' title='bbox 1047 4131 1206 4194; x_wconf 63' lang='lat' dir='ltr'>Omniumque,</span> <span class='ocrx_word' id='word_1_370' title='bbox 1219 4131 1291 4178; x_wconf 83' lang='lat' dir='ltr'>ceteri</span> 
     </span>
     <span class='ocr_line' id='line_1_39' title="bbox 138 4208 1291 4276; baseline 0.007 -22"><span class='ocrx_word' id='word_1_371' title='bbox 138 4208 239 4270; x_wconf 88' lang='lat' dir='ltr'>plerique</span> <span class='ocrx_word' id='word_1_372' title='bbox 251 4210 376 4262; x_wconf 75' lang='lat' dir='ltr'>Omnium:</span> <span class='ocrx_word' id='word_1_373' title='bbox 399 4209 469 4258; x_wconf 88' lang='lat' dir='ltr'>credo</span> <span class='ocrx_word' id='word_1_374' title='bbox 486 4220 582 4271; x_wconf 85' lang='lat' dir='ltr'>propter.</span> <span class='ocrx_word' id='word_1_375' title='bbox 596 4213 721 4272; x_wconf 85' lang='lat' dir='ltr'>repetitum</span> <span class='ocrx_word' id='word_1_376' title='bbox 738 4212 762 4259; x_wconf 92' lang='lat' dir='ltr'>in</span> <span class='ocrx_word' id='word_1_377' title='bbox 779 4229 818 4261; x_wconf 88' lang='lat' dir='ltr'>uu.</span> <span class='ocrx_word' id='word_1_378' title='bbox 832 4226 869 4269; x_wconf 89' lang='lat' dir='ltr'>ro,</span> <span class='ocrx_word' id='word_1_379' title='bbox 883 4226 910 4260; x_wconf 92' lang='lat'>11</span> <span class='ocrx_word' id='word_1_380' title='bbox 924 4229 973 4276; x_wconf 82' lang='lat' dir='ltr'>que.</span> <span class='ocrx_word' id='word_1_381' title='bbox 1007 4214 1051 4262; x_wconf 87' lang='lat' dir='ltr'>Sed</span> <span class='ocrx_word' id='word_1_382' title='bbox 1067 4229 1115 4262; x_wconf 90' lang='lat' dir='ltr'>non</span> <span class='ocrx_word' id='word_1_383' title='bbox 1129 4214 1200 4275; x_wconf 80' lang='lat' dir='ltr'>pluris</span> <span class='ocrx_word' id='word_1_384' title='bbox 1216 4211 1291 4261; x_wconf 71' lang='lat' dir='ltr'>habeo</span> 
     </span>
     <span class='ocr_line' id='line_1_40' title="bbox 138 4290 1085 4360; baseline 0.008 -24"><span class='ocrx_word' id='word_1_385' title='bbox 138 4290 258 4354; x_wconf 80' lang='lat' dir='ltr'>leuiterque</span> <span class='ocrx_word' id='word_1_386' title='bbox 269 4293 292 4338; x_wconf 90' lang='lat' dir='ltr'>in</span> <span class='ocrx_word' id='word_1_387' title='bbox 306 4293 406 4354; x_wconf 83' lang='lat' dir='ltr'>Oquanr</span> <span class='ocrx_word' id='word_1_388' title='bbox 420 4293 482 4353; x_wconf 91' lang='lat' dir='ltr'>quod</span> <span class='ocrx_word' id='word_1_389' title='bbox 494 4293 555 4341; x_wconf 84' lang='lat' dir='ltr'>idem</span> <span class='ocrx_word' id='word_1_390' title='bbox 566 4296 641 4341; x_wconf 84' lang='lat' dir='ltr'>codex</span> <span class='ocrx_word' id='word_1_391' title='bbox 653 4294 722 4343; x_wconf 82' lang='lat' dir='ltr'>habet</span> <span class='ocrx_word' id='word_1_392' title='bbox 735 4295 833 4342; x_wconf 89' lang='lat' dir='ltr'>LXVIII</span> <span class='ocrx_word' id='word_1_393' title='bbox 846 4295 902 4360; x_wconf 80' lang='lat'>(93)</span> <span class='ocrx_word' id='word_1_394' title='bbox 914 4296 1085 4359; x_wconf 72' lang='lat' dir='ltr'>ioumdamque.</span> 
     </span>
    </p>

    <p class='ocr_par' dir='ltr' id='par_1_6' title="bbox 390 4386 405 4413">
     <span class='ocr_line' id='line_1_41' title="bbox 390 4386 405 4413; baseline 0 0"><span class='ocrx_word' id='word_1_395' title='bbox 390 4386 405 4413; x_wconf 76' lang='lat'>0</span> 
     </span>
    </p>
   </div>
   <div class='ocr_carea' id='block_1_4' title="bbox 0 0 1440 5002">
    <p class='ocr_par' dir='ltr' id='par_1_7' title="bbox 0 0 1440 5002">
     <span class='ocr_line' id='line_1_42' title="bbox 0 0 1440 5002; baseline 0 0"><span class='ocrx_word' id='word_1_396' title='bbox 0 0 1440 5002; x_wconf 95' lang='lat' dir='ltr'> </span> 
     </span>
    </p>
   </div>
  </div>
 </body>
</html>
