2872 5002
528 367 894 428 PROLEGOMENA.
1245 368 1283 425 lix

150 551 247 610 cianum
268 549 318 608 uel
341 548 542 608 Colbertinurn
555 551 738 627 inspexisset.
782 551 884 628 ltaque
904 551 994 609 rarius
1015 560 1129 609 tantum
1148 551 1179 607 in
1193 566 1283 626 appa-

149 660 196 707 ratu
215 666 285 706 eum
309 648 449 724 excerpsi,
471 667 526 707 nec
560 649 615 707 nisi
643 658 761 726 propter
788 649 928 708 lectiones
953 668 1025 726 quas
1053 658 1103 708 aut
1127 648 1206 707 solus
1234 659 1284 705 aut

147 765 200 805 cum
220 747 378 823 perpaucis
399 747 494 806 babet.
559 734 564 743 ’

175 844 215 902 Hi
235 861 343 904 omnes
364 863 438 904 saec
463 844 520 903 XV
545 846 642 921 scripti
665 856 749 903 sunt:
779 865 816 905 ex
841 846 875 905 iis
897 867 912 904 c
933 846 996 922 ipse
1017 845 1144 904 contuli:
1171 853 1284 904 ceteros

143 953 290 1019 postquam
304 961 322 1001 a
336 962 384 1001 me
398 944 512 1002 excussi
526 952 617 1013 erant,
632 943 851 1019 diligentissime
866 961 920 1020 pro
943 961 990 1002 me
1005 944 1125 1002 contulit
1140 943 1285 1001 Ricardus

143 1041 219 1112 Sims,
234 1041 280 1098 uir
294 1042 369 1101 inter
383 1042 566 1119 praepositos
583 1041 680 1100 Musei
698 1041 874 1100 Britannici:
899 1061 918 1099 α
935 1051 1032 1100 autem
1054 1042 1152 1100 denuo
1171 1057 1286 1100 summa

141 1158 202 1198 cura
216 1139 240 1197 1.
255 1138 398 1215 Bywater.
440 1138 554 1198 Praeter
571 1139 625 1197 hos
646 1149 713 1198 sunt
732 1142 819 1198 etiarn
838 1140 902 1199 libri
920 1158 996 1216 quos
1012 1141 1075 1216 ipse
1096 1157 1157 1198 non
1177 1137 1286 1197 contuli

140 1255 229 1313 oeque
246 1238 285 1295 ab
307 1238 369 1296 aliis
383 1239 483 1296 curaui
501 1236 707 1308 conferendos,
721 1239 862 1298 nonnulla
879 1250 978 1297 tamen
997 1257 1033 1296 ex
1050 1239 1085 1296 iis
1107 1238 1201 1308 citaui,
1216 1236 1286 1295 Ric-

139 1335 288 1395 cardianus
308 1333 351 1412 (in
372 1336 440 1394 bibl.
462 1336 656 1396 Riccardiana
677 1335 854 1416 Florentiae)
874 1337 956 1395 cuius
977 1337 1122 1412 quaedam
1144 1334 1288 1410 excerpsit

138 1433 353 1505 lachmannus,
368 1434 542 1494 Dresdensis
556 1452 644 1511 quem
660 1444 753 1492 totum
768 1436 898 1494 exhibuit
912 1434 1045 1510 Silligius,
1060 1431 1288 1492 Laurentianus⁸

139 1532 220 1604 (Plut.
246 1535 293 1606 3⁶·
318 1531 392 1591 Cod.
417 1532 478 1612 23),
500 1529 724 1592 Laurentianus⁴
747 1532 832 1612 (Plut.
858 1552 905 1608 33.
928 1531 1002 1591 Cod.
1026 1528 1087 1610 γι),
1113 1531 1288 1608 Phillippen·

137 1626 183 1688 sis¹
207 1630 290 1688 unde
315 1631 456 1690 nonnulla
478 1632 510 1689 in
534 1631 632 1690 Attide
660 1631 801 1707 excerpsi,
830 1631 994 1690 Laudensis
1023 1634 1060 1705 78
1090 1630 1288 1692 Bibliothecae

137 1727 320 1787 Bodleianae.
401 1730 404 1738 '

569 1809 700 1870 Stemma
714 1811 858 1870 codicum.

615 1927 806 2002 Archetypon

528 2737 951 2973 ‹ir-Q*

384 3060 517 3120 Datanus
530 3072 559 3120 et
573 3061 708 3122 Riccard.

493 3337 684 3446 r't—CL
775 3308 927 3446 Balt-
1054 3384 1083 3444 G
1192 3390 1258 3449 Ven

724 3631 777 3691 ια]
887 3585 1247 3711 Phil'tifflianus

183 3744 237 3802 Per
256 3743 282 3800 A
308 3744 444 3820 intellego
465 3761 653 3804 communem
674 3746 786 3805 fontem
814 3757 845 3805 ut
867 3746 899 3804 D
919 3747 1001 3807 Rz'cc.
1025 3769 1043 3805 a
1064 3748 1105 3806 ita
1129 3755 1290 3805 ceterorum

142 3842 287 3900 codicum.

205 3964 357 4024 Editiones
372 3966 506 4043 antiquae
520 3984 643 4042 quarum
658 3967 687 4024 in
703 3968 779 4028 notis
794 3969 972 4027 mentionem
987 3967 1041 4026 leci
1056 3966 1112 4025 hae
1127 3974 1201 4024 sunt.

189 4107 213 4145 r.
234 4089 331 4146 Editio
353 4108 428 4148 saec.
445 4088 503 4147 XV
524 4091 678 4161 rarissima,
700 4092 781 4149 cuius
803 4091 861 4149 duo
883 4092 953 4150 noui
975 4090 1151 4164 exemplaria
1171 4088 1292 4147 alterum

143 4187 173 4242 in
209 4186 314 4245 Museo
346 4186 522 4259 Britannico,
553 4188 674 4246 alterum
708 4190 739 4246 in
775 4188 953 4247 Bibliotheca
987 4187 1155 4245 Bodleiano.
1212 4188 1294 4247 Folia

143 4285 232 4342 habet
257 4303 304 4355 41.
347 4283 384 4341 In
412 4303 528 4344 summo
561 4283 593 4342 1b
615 4288 719 4346 eadem
743 4288 846 4364 legitur
870 4285 939 4344 Vita
964 4284 1068 4344 Catulli
1093 4305 1167 4361 quae
1192 4287 1222 4344 in
1247 4288 1291 4345 ed.

143 4383 213 4441 anni
242 4397 316 4458 ¹472
345 4402 419 4460 quae
444 4384 534 4459 uulgo
557 4397 623 4443 eta
648 4405 696 4444 me
718 4387 851 4462 princeps
875 4385 986 4444 dicitur.
1037 4385 1167 4444 Alterum
1193 4384 1294 4447 lolium
