2872 5002
228 394 287 450 312
694 383 910 447 EXCVRSVS

227 556 264 614 X.
282 573 329 630 91,
345 555 382 613 ib.
400 570 469 625 204,
483 570 581 613 rursus
599 550 712 611 XVIII.
731 556 788 629 362
811 565 840 612 et
860 553 908 612 hic
930 552 1049 630 quidem
1071 553 1146 612 inter
1167 546 1384 628 praesagientes

226 661 430 728 tempestatem
446 653 537 727 mergi
551 657 697 725 anatesque
712 653 817 727 pinnas
838 657 930 708 rostra
945 658 1100 727 purgantes
1121 657 1235 706 uentum
1258 648 1385 724 (praesa-

223 748 322 826 giunt)
347 755 497 822 ceteraeque
527 750 669 821 aquaticae
695 766 759 804 aues
786 756 987 817 concursantes,
1009 766 1098 823 grues
1126 749 1158 803 in
1186 747 1386 803 mediterranea

217 849 397 925 festinantes,
417 848 511 921 mergi
529 847 633 919 gaueae
661 842 768 922 (caueae
792 844 923 903 nonnulli
945 843 1075 922 codices)
1097 846 1190 901 mare'a
1211 851 1266 901 aut
1287 849 1387 918 stagna

225 946 373 1020 fugientes.
415 942 570 1018 Apuleius¹
592 941 663 1000 Met.
682 942 720 1001 V.
737 945 774 1000 28
795 941 826 998 T
821 963 875 999 unc
894 944 958 999 auci
973 942 1091 1016 peralba
1119 943 1172 998 illa
1195 943 1294 1017 gauia
1321 958 1387 1014 quae
1411 962 1414 967 ·

229 1053 312 1118 super
319 1041 425 1117 fluctus
438 1042 561 1098 marsuas
578 1040 674 1113 pennis
694 1045 774 1096 natat
793 1041 925 1114 demerget
941 1057 996 1095 sese
1013 1049 1129 1115 propere
1141 1039 1184 1096 ad
1199 1038 1311 1096 Oceani
1320 1047 1387 1111 pro·

218 1140 350 1215 fundum
359 1141 508 1214 gremium,
524 1138 572 1194 ubi
587 1139 673 1212 gauia
689 1138 812 1196 Veneris
826 1137 934 1195 famula
949 1146 1000 1194 est.

275 1236 351 1295 Sane
364 1236 468 1312 gauia
482 1239 560 1308 λάρος
575 1235 692 1294 exhibet
706 1235 803 1295 Gloss.
819 1235 956 1294 Labbaei.
1000 1233 1058 1292 Sed
1073 1253 1135 1292 non
1148 1235 1239 1292 nimis
1254 1242 1387 1291 accurate

234 1335 270 1393 de
294 1334 338 1392 his
362 1334 512 1410 scripsisse
535 1333 759 1409 lexicographos
781 1333 872 1392 multa
899 1333 1036 1391 indicant.
1079 1330 1234 1390 Philoxeni
1257 1332 1337 1389 enim
1358 1330 1385 1386 in

234 1430 385 1490 Glossario
401 1430 473 1488 haec
489 1439 563 1488 sunt
605 1434 688 1502 Λάρος
703 1431 812 1489 Larus
827 1430 952 1489 Fulica.
994 1429 1108 1488 Gauia
1122 1429 1248 1487 Fulica
1262 1427 1384 1485 Ardea

234 1527 331 1587 Gloss.
347 1526 439 1585 Labb.
454 1526 568 1585 Ardea
582 1529 687 1603 ἐρῳδιὸς
700 1532 788 1600 λάροι.
830 1527 951 1586 Fulica
964 1530 1043 1598 λάροι
1057 1527 1072 1596 ἢ
1086 1528 1199 1599 pantapte
1213 1523 1245 1602 (ι.
1261 1524 1384 1597 pelopis)

233 1627 377 1694 πελίκανος,
402 1626 548 1681 θαλάσσιον
570 1625 666 1697 ὄρνεον,
691 1644 716 1683 c.
738 1629 824 1698 λάρος.
847 1644 873 1683 c.
895 1625 973 1698 φήνῃ.
999 1642 1025 1682 c.
1050 1625 1164 1698 ι’ριρδιόι.
1193 1641 1218 1680 c.
1246 1623 1340 1679 αἵθυια.
1361 1640 1386 1679 c.

235 1726 322 1794 λάροι.
370 1719 467 1779 Gloss.
488 1720 573 1779 Bodl.
596 1722 681 1781 Auct.
704 1721 740 1780 T.
764 1722 804 1781 11.
828 1742 864 1793 24
887 1721 986 1779 Larus
1006 1722 1037 1779 iu
1053 1720 1255 1795 penthatheuca
1271 1720 1386 1795 gaurani

234 1819 379 1894 significat
402 1819 454 1893 qui
478 1818 544 1875 solet
567 1830 670 1895 semper
691 1821 861 1896 supersedere
883 1837 993 1894 aquam.
1039 1817 1146 1877 Cicero
1174 1835 1297 1895 quoque
1321 1833 1386 1875 cum

236 1915 359 1973 Aratum
380 1924 505 1973 uerteret
525 1915 655 1975 Diosem.
677 1921 774 1992 181-3

439 2040 480 2092 καὶ
501 2038 523 2093 δ’
543 2040 573 2093 ἂν
594 2040 635 2095 iul
655 2041 734 2112 ξηρὴν
754 2040 791 2096 ὅτ’
813 2041 917 2115 ἐρῳδιὸς
937 2040 968 2094 οὔ
988 2037 1051 2093 κατὰ
1072 2040 1171 2109 κόσμον

438 2136 468 2204 ἐξ
489 2138 551 2192 ahts
571 2137 675 2208 ἔρχηται
695 2140 768 2208 φωνῇ
788 2140 847 2210 περὶ
867 2137 955 2192 πολλὰ
974 2137 1090 2204 λεληκὼς

439 2233 569 2300 κινυμένου
590 2255 617 2287 κε
638 2233 779 2288 θάλασσαν
800 2233 973 2305 ὑπερφορίοτ
993 2232 1096 2302 ἀνέμοιο

440 2423 530 2483 Rana
538 2427 632 2503 fulix
653 2430 746 2484 s'ttdem
755 2429 878 2506 fragrem
898 2427 1041 2504 egurgt'le
1056 2428 1140 2500 panti

439 2523 566 2583 Nuntiat
584 2525 734 2583 horribiles
754 2527 879 2583 clamans
899 2528 1005 2583 instare
1019 2524 1157 2600 procellas

433 2620 536 2678 Haud
553 2624 668 2680 modicas
689 2624 803 2681 tremulo
811 2625 941 2700 fundens
960 2642 974 2679 e
989 2628 1104 2698 gutture
1123 2625 1223 2679 cantus

238 2746 333 2805 neque
348 2728 429 2786 aliter
443 2728 573 2786 Auienus
589 2744 647 2804 350

442 2834 484 2890 Et
504 2855 564 2892 cum
582 2847 678 2910 parua
687 2837 780 2913 fulix
801 2836 903 2910 trepida
917 2835 989 2908 petit
1007 2852 1080 2890 arua
1101 2833 1197 2888 uolatu

443 2931 553 3006 Stagna
574 2936 665 2990 senens
686 2935 833 3009 longasque
853 2935 937 2990 itcrat
954 2933 1082 3007 clangore
1102 2930 1247 3005 querellas,

442 3029 557 3086 Iudicat
574 3033 682 3087 insanis
691 3031 774 3107 sreta
795 3049 862 3087 max
882 3048 1018 3085 canescere
1039 3029 1128 3084 uentc's

239 3159 408 3217 quanquam
430 3145 533 3218 ἐρῳδιὸς
549 3144 636 3202 ardea
651 3147 766 3221 proprie
782 3163 843 3202 non
858 3143 928 3200 fulix
943 3142 1056 3200 uidetur
1070 3140 1136 3198 dici.
1178 3139 1314 3198 Auienus
1328 3141 1386 3216 qui·

240 3238 307 3296 dem
322 3239 351 3295 in
367 3240 506 3298 uertenda
520 3239 651 3300 Diosem.
671 3248 734 3314 184,
752 3258 778 3316 5,
793 3243 842 3318 qui
857 3259 958 3299 uersus
972 3257 1032 3297 non
1047 3239 1106 3296 iam
1120 3237 1199 3313 apud
1214 3237 1387 3297 CIceronem

239 3345 288 3393 aut
303 3333 509 3394 GennanIcum
524 3349 623 3397 extant

444 3442 488 3499 rai
505 3466 568 3499 ποτε
589 3448 629 3501 sal
649 3448 744 3518 κέπφοι
765 3446 837 3502 dadr'
859 3447 936 3501 εὔδιοι
956 3443 1096 3500 ποτέωνιαι

444 3542 514 3597 duria
535 3544 684 3612 μελλόντων
704 3545 800 3614 ἀνέμων
819 3546 907 3612 <hubi
927 3544 1050 3615 φέρονται

243 3655 317 3713 adeo
333 3656 370 3711 ab
385 3655 476 3713 Arato
491 3658 621 3717 discessit
640 3670 672 3716 ut
691 3662 791 3731 κέπφοι
809 3658 912 3716 dixerit
926 3665 1058 3714 sturnum
1072 3650 1168 3730 (356).
1212 3652 1284 3713 Non
1299 3653 1388 3729 magis

243 3763 375 3812 accurate
391 3753 555 3828 Hesychius
570 3757 624 3826 κήξ,
655 3761 669 3810 ὁ
683 3760 762 3829 λάρος
776 3760 838 3810 κατὰ
852 3757 976 3811 Ἀπίωνα’
999 3755 1101 3826 λέγεται
1116 3753 1143 3806 be*
1157 3755 1199 3807 καὶ
1213 3753 1306 3821 ruine·
1327 3755 1388 3807 risis

242 3856 282 3908 real
296 3854 394 3907 αἴθυιαι
407 3855 580 3922 ἀποδιδόασιν,
595 3857 619 3908 oi
633 3855 659 3907 δὲ
674 3856 775 3925 κέπφοι
787 3858 811 3908 οἶ
825 3855 853 3908 δὲ
868 3854 1023 3924 διαφέροντα
1036 3849 1163 3919 ἀλλήλων.

285 3950 409 4009 Gauiam
424 3950 525 4007 Latine
544 3967 597 4024 pro
616 3950 703 4007 stulto
721 3951 792 4024 poni
810 3968 870 4007 non
885 3950 955 4019 sci0‚
971 3948 1022 4006 sed
1044 3947 1137 4022 potuit
1150 3945 1180 4003 in
1196 3946 1311 4022 uulgari
1335 3965 1388 4005 ser-

243 4068 341 4121 mone,
361 4048 609 4124 quemadmodum
632 4047 709 4106 Italis
731 4049 818 4106 hodie
839 4047 1017 4122 gabbiana
1039 4055 1067 4103 et
1087 4044 1164 4102 larus
1186 4056 1232 4103 est
1254 4055 1282 4103 et
1304 4044 1389 4103 homo

244 4147 374 4223 simplex.
430 4144 521 4201 Morri
547 4143 740 4202 Vocabolario
769 4143 1085 4219 Romagnolo·ltaliani
1114 4140 1255 4199 Gabian
1290 4158 1389 4199 uomo

244 4248 384 4304 sciocco
413 4243 579 4319 semplice
607 4242 793 4321 materiale.
847 4240 1005 4301 Cherubini
1034 4239 1146 4298 Vocab.
1176 4238 1388 4299 Milaneselta·

277 4376 283 4403 ¹
303 4375 390 4424 Attulit
408 4373 468 4421 hunc
485 4374 559 4421 locum
577 4374 667 4436 Apuleii
686 4374 791 4421 Halmius
808 4373 836 4419 ad
853 4373 937 4421 Catuli.
949 4372 1051 4432 XXV.5
1068 4371 1166 4436 legendo
1185 4372 1246 4418 Οιιοι
1263 4371 1344 4419 deuias
1357 4369 1388 4416 uel

242 4457 324 4506 cliuias
335 4457 370 4503 uel
380 4457 467 4521 garcias
479 4457 559 4505 Malea
570 4472 631 4504 aues.
