2872 5002
464 365 822 434 PROLEGOMENA.
873 365 939 445 ‘ss
1183 369 1219 427 va

69 544 249 620 Rathen'um,
280 550 455 627 episcopum
478 551 681 613 veronensem
706 555 800 624 annis,
823 553 847 612 sl
875 550 1035 611 Ballerinos
1063 553 1220 628 sequimur,

71 663 222 722 931-933,
238 651 394 724 946-948,
410 652 558 727 961-968.
602 651 661 711 Hic
682 653 713 709 in
734 669 870 711 sermone
891 669 979 727 quem
1001 649 1136 710 Veronae
1158 669 1220 710 cre·

70 743 145 801 ditur
159 744 299 806 habuisse
315 766 394 806 armo
407 751 466 824 965
480 750 552 808 haec
566 750 643 810 dicit.
688 750 791 825 (Serui.
805 751 857 808 XI.
874 768 901 826 p.
915 753 974 824 ⁶39
990 737 1028 820 Β)
1048 748 1127 820 Quid
1136 749 1168 805 de
1181 767 1223 806 me

71 842 160 898 daim
172 843 258 914 ualeo,
273 847 347 920 quid
355 848 432 905 ualeo
445 850 572 923 cogitare,
587 856 614 907 et
624 855 657 906 ut
667 850 764 924 turpia
776 847 918 920 subsilens,
933 849 1043 905 honesta
1056 847 1144 905 solum
1153 857 1221 922 pro·

71 940 160 997 laisla
173 942 237 998 licet
250 944 416 1019 depromam,
428 948 458 1003 si
470 949 502 1004 in
517 947 575 1023 lege
590 947 640 1018 dei,
655 954 688 1005 ut
704 947 844 1005 debitorem
862 965 903 1007 me
912 947 983 1023 sore
999 963 1052 1002 non
1070 947 1165 1014 nescio,
1179 945 1223 1002 dee

72 1035 152 1117 (non)
167 1040 284 1097 meditor
303 1061 338 1100 ac
357 1050 436 1115 nocte,
454 1042 598 1103 Catullum
618 1064 768 1120 numquam
788 1051 870 1103 antea
890 1044 994 1112 lectum
1008 1042 1144 1100 Plautum
1166 1043 1223 1099 sam

72 1138 138 1195 olem
162 1139 221 1215 lego
245 1159 292 1197 nec
315 1140 419 1213 amm,
440 1145 574 1201 muse'cam
596 1145 704 1219 quando
727 1155 803 1219 saepe
826 1150 941 1218 rogatus
961 1140 1104 1216 expono¹i
1142 1139 1222 1198 Hinc

74 1235 250 1298 Leutschius
274 1248 304 1296 et
331 1237 498 1299 Schwabius
526 1242 704 1301 concludunt
732 1241 902 1299 Ratherium
927 1238 1031 1298 Catulli
1059 1238 1164 1296 librum
1194 1239 1223 1295 in

74 1335 253 1396 bibliotheca
276 1335 441 1397 Veronensi
465 1341 638 1416 repperisse,
663 1341 760 1416 ibique
785 1357 846 1397 non
870 1347 955 1397 antea
978 1337 1085 1395 lectum
1109 1337 1223 1413 legisse.

75 1432 134 1492 Sed
148 1433 219 1491 nihil
233 1444 294 1493 tam
308 1451 449 1511 magnum
463 1437 532 1495 dicit
546 1437 707 1496 Ratherius.
749 1437 846 1495 Potuit
861 1436 965 1496 Catulli
979 1437 1083 1495 librum
1097 1453 1115 1493 a
1129 1433 1225 1493 Gallia

74 1549 176 1592 secum
201 1531 249 1590 uel
272 1551 309 1591 ex
334 1533 388 1592 alia
411 1535 482 1592 urbe
507 1534 607 1593 Italica
630 1535 751 1594 fortasse
777 1536 867 1594 etiam
889 1553 926 1594 ex
951 1535 1050 1592 Roma
1074 1532 1224 1591 Veronam

74 1639 233 1706 asportare.
284 1629 468 1708 Quacunque
490 1632 569 1691 enim
592 1633 751 1704 inuenerat,
773 1651 835 1691 non
856 1643 917 1691 erat
939 1650 1007 1690 eum
1029 1650 1066 1690 ex
1088 1631 1224 1689 manibus

74 1726 271 1804 depositurus,
286 1728 330 1786 uir
348 1748 384 1788 ex
401 1731 575 1790 doctissimis
593 1731 701 1791 saeculi
721 1730 804 1801 illius,
819 1741 847 1790 et
861 1730 901 1790 ob
918 1731 1051 1807 peritiam
1064 1727 1224 1788 liberalium

74 1898 136 1944 enim
154 1897 240 1946 habent
258 1915 380 1948 suerusum
395 1900 479 1949 obstiti
494 1901 578 1957 hircus,
595 1917 665 1963 quarn
681 1910 707 1948 nt
722 1901 844 1962 quicquam
860 1901 888 1948 de
905 1916 934 1948 eo
951 1901 1094 1960 exploratum
1113 1899 1224 1959 1119111-

76 1981 155 2027 serum
163 1997 217 2028 cum
228 1984 331 2043 potuerit
342 1984 439 2031 Isidorus
450 1985 549 2032 alludere
560 1985 633 2031 uersui
643 1983 720 2029 Ouidii
732 1983 757 2030 F.
766 1983 795 2031 11.
803 1994 849 2043 441
861 1981 962 2029 Italidas
974 1990 1065 2036 matres,
1074 1981 1153 2043 inquit,
1162 1994 1226 2026 suess·

76 2062 155 2110 iireau
172 2064 238 2114 inito.
275 2065 342 2112 Nihil
357 2067 386 2113 de
402 2067 494 2114 Catullo
511 2067 566 2113 dicit
582 2066 699 2120 Alcuinus,
717 2065 897 2125 Archepiscopus
914 2063 1070 2120 Eboraceusis,
1082 2063 1107 2110 in
1124 2062 1224 2110 carmine

76 2147 139 2207 quod
156 2147 186 2194 de
202 2147 352 2195 Pontificibus
367 2158 391 2196 et
402 2149 485 2197 sanctis
500 2149 614 2196 Ecclesiae
631 2149 778 2194 Eboracensis
795 2148 882 2208 scripsit
898 2148 940 2210 (ll.
952 2160 975 2206 p.
989 2155 1035 2207 257
1047 2146 1083 2194 ed.
1098 2145 1171 2207 1777)
1183 2158 1225 2191 nec

77 2243 208 2290 quenquam
227 2231 333 2277 nominat
349 2231 378 2278 de
394 2232 468 2292 poetis
484 2231 523 2293 qui
540 2220 632 2293 quidem
649 2245 696 2276 non
714 2230 758 2277 sint
775 2230 905 2277 recentioris
923 2229 976 2277 aeui
993 2237 1084 2290 praeter
1100 2227 1224 2291 Vergilium

74 2312 174 2358 Statium
185 2312 314 2362 Lucanum.

109 2391 119 2420 ⁴
135 2393 289 2441 incertissima
306 2395 368 2441 enirn
384 2404 437 2443 snut
450 2410 509 2456 quae
525 2397 548 2441 in
565 2393 654 2442 scholiis
671 2393 820 2441 Beruensibus
838 2392 944 2456 leguntur
959 2392 989 2439 sd
999 2391 1070 2455 Verg.
1082 2390 1113 2439 G.
1124 2390 1164 2438 1v.
1178 2389 1225 2452 189

79 2475 127 2532 (ed
144 2475 228 2539 Hagen
245 2475 269 2522 in
286 2475 425 2524 Fleckeiseni
442 2477 503 2525 Aun.
519 2477 634 2537 Supplem.
647 2476 687 2523 1v.
699 2473 842 2537 673-1014)
855 2473 990 2536 plsuselis.
1005 2487 1095 2537 gersus
1111 2473 1226 2518 nauium

77 2558 218 2618 picturum
238 2558 314 2605 sicus
330 2557 472 2620 pisusillus
489 2558 539 2606 ille
555 2573 633 2620 quem
648 2558 753 2621 ugiunt
771 2564 912 2603 auctorem
929 2569 984 2602 esse
1000 2554 1116 2602 nauium
1135 2553 1226 2613 ceilae·

79 2647 182 2695 turum,
194 2654 272 2701 quem
283 2638 386 2687 leniuit
396 2639 492 2703 lsospes
504 2641 630 2689 Serenus.
662 2637 764 2686 Iunilius
773 2637 836 2686 dicit.
864 2637 911 2685 Ubi
921 2651 975 2684 cum
986 2636 1100 2696 Hauptius
1108 2636 1131 2681 in
1140 2635 1227 2681 Herme

81 2721 120 2770 IV.
131 2735 155 2781 p.
167 2733 216 2787 33⁴
227 2736 270 2783 pro
280 2721 422 2787 &acturum
433 2723 470 2769 uel
481 2721 607 2769 mluturum
617 2720 690 2783 (quod
701 2720 772 2768 babet
789 2721 859 2768 Beru.
869 2716 925 2781 167)
938 2718 1059 2779 scripsisset
1074 2717 1227 2771 eliminium,

79 2817 152 2864 esque
163 2805 235 2850 uerba
247 2804 278 2850 ad
289 2803 372 2852 Catuli.
385 2803 426 2852 tv.
448 2816 470 2859 1,
483 2817 496 2850 a
514 2804 634 2857 retulisset,
646 2801 780 2850 Bchrensius
797 2810 873 2849 totum
889 2802 968 2848 locum
984 2802 1016 2848 sic
1032 2799 1130 2848 refinxit.
1162 2798 1230 2846 Sicut

76 2883 196 2946 phasellus
212 2884 252 2932 ille
267 2899 334 2947 9111111
349 2886 416 2932 aiunt
431 2900 476 2932 asse
498 2885 595 2933 mutum
617 2884 776 2932 celerrimum:
797 2898 856 2945 qnae
878 2884 896 2932 si
915 2897 968 2931 vera
988 2890 1041 2930 sunt
1059 2896 1102 2944 pro
1118 2888 1227 2942 corrupto

80 2967 196 3013 uocabulo
213 2975 329 3014 auctorem
346 2967 466 3030 legendum
477 2968 519 3015 erit
535 2967 703 3014 actuariurum.
744 2966 788 3013 Sed
803 2967 865 3026 quod
882 2965 1017 3014 Behrensius
1033 2965 1087 3013 binc
1103 2965 1228 3022 concludit,

81 3062 173 3095 uersum
185 3048 268 3096 Catulli
285 3049 326 3096 lv.
339 3061 352 3096 a
365 3051 411 3095 iam
422 3058 522 3096 exeunte
533 3049 671 3109 antiquitate
682 3049 705 3094 in
717 3048 833 3094 codicibus
845 3049 875 3095 sic
887 3049 995 3108 scriptum
1006 3048 1108 3096 extitisse
1119 3048 1230 3109 quemad-

82 3131 179 3178 modum
195 3131 219 3178 in
239 3132 323 3178 nostris
338 3131 455 3178 codicibus
474 3138 579 3190 corrupte
592 3130 676 3192 legitur
693 3130 764 3176 Aiunt
774 3129 850 3188 fisisse
868 3129 965 3176 nauium
984 3129 1142 3184 celerrimum:
1159 3129 1229 3176 uelim

82 3227 112 3260 ex
123 3221 174 3259 tatu
186 3212 255 3260 dubia
271 3228 296 3260 re
313 3221 361 3259 taru
378 3213 463 3276 grande
479 3213 603 3274 quicquam
620 3213 717 3272 probare
734 3212 851 3259 uoluisset.
883 3213 1023 3273 Quanquam
1037 3214 1099 3260 enim
1112 3213 1229 3276 ingeniosa

82 3302 118 3341 est
130 3295 262 3342 coniectura
280 3296 375 3357 Hauptii
391 3294 533 3343 celerrimum
545 3309 575 3342 ex
586 3295 731 3353 caflueturum
742 3295 777 3341 uel
789 3293 919 3341 celaturum
937 3294 1053 3349 elicientis,
1065 3304 1140 3355 potest
1152 3305 1230 3343 tamen

82 3377 105 3422 id
116 3386 212 3424 tantum
223 3378 294 3424 latere
305 3377 366 3438 quod
378 3377 465 3439 scripsit
477 3377 505 3425 C.
517 3377 547 3427 G.
560 3376 684 3423 Muellerus
695 3391 761 3438 quem
777 3376 844 3422 aiunt
860 3385 976 3422 auctorem
992 3391 1038 3423 esse
1048 3377 1144 3423 nauium
1155 3379 1231 3424 caelu·

82 3468 170 3517 meum,
178 3458 224 3506 hoc
232 3461 312 3520 estqui
324 3460 410 3519 primus
418 3461 524 3522 exemplo
532 3460 575 3507 fuit
588 3459 701 3506 Romanis
712 3459 824 3518 pictarum
836 3460 942 3514 nauium;
961 3459 1008 3506 siue
1019 3459 1104 3506 Catulli
1119 3458 1230 3520 phasellus

83 3549 164 3586 auctor
176 3555 255 3587 reuera
264 3541 306 3587 fuit
319 3541 353 3588 his
365 3542 460 3588 nauibus
471 3541 558 3590 utendi.
567 3542 615 3587 siue
624 3541 691 3588 fuisse
703 3541 808 3595 traditur,
817 3541 878 3602 quod
891 3542 914 3588 in
926 3550 973 3587 tarn
986 3539 1056 3587 nobili
1067 3550 1135 3601 poeta
1145 3539 1231 3585 facilius

84 3623 132 3669 fieri
144 3624 228 3683 potuit.
261 3623 331 3670 Certe
341 3623 483 3670 euluetumem
495 3624 550 3670 illud
562 3625 620 3670 bene
631 3623 661 3669 ad
673 3622 766 3684 Vergilii
775 3622 842 3683 pictis
848 3621 958 3682 pisusellis
970 3623 1089 3668 conuenire
1102 3623 1224 3670 existumo.

116 3703 125 3732 ¹
144 3705 249 3753 Ratherii
260 3705 336 3766 Opera
347 3706 383 3752 ed
396 3705 502 3751 Balierini
514 3720 537 3765 p.
549 3702 605 3768 ⁶39·
640 3705 708 3751 llunc
719 3719 849 3751 sermonem
861 3705 966 3751 Veronae
981 3705 1084 3751 habitum
1097 3704 1128 3750 sic
1139 3705 1232 3750 conclu·

85 3788 160 3843 ditur;
186 3797 261 3833 uetera
282 3802 341 3847 quae
359 3788 382 3833 in
400 3788 515 3834 codicibus
534 3787 675 3846 reperiuntur
692 3787 731 3833 ubi
751 3786 808 3833 haec
824 3788 906 3845 scripta
923 3795 984 3841 sunt,
1001 3787 1078 3832 omnia
1096 3786 1124 3830 ad
1141 3794 1232 3846 tempus

84 3870 200 3930 pertinent
216 3870 277 3930 quod
295 3869 431 3917 Ratherium
450 3870 553 3915 Veronae
570 3869 662 3916 tertium
679 3869 809 3915 restitutum
827 3877 929 3914 secutum
947 3877 989 3914 est.
1023 3867 1080 3914 Sunt
1094 3876 1171 3914 autem
1187 3883 1231 3915 ser·

85 3967 165 3999 mones
186 3966 273 3999 omncs.
314 3952 403 3998 Horum
424 3952 533 3998 secundus
553 3952 597 4009 (est
615 3951 643 3997 de
661 3949 852 4012 Quadragesima)
871 3951 967 4009 scriptus
984 3949 1072 3996 uidetur
1089 3963 1150 3994 anno
1168 3948 1229 4012 9653

85 4036 133 4094 ipsc
149 4033 210 4080 enirn
228 4035 303 4079 locum
319 4033 396 4080 laudat
412 4048 441 4080 ex
456 4049 484 4080 eo
499 4034 591 4079 ineunte
606 4048 670 4079 anuo
682 4029 730 4096 966
743 4032 805 4091 (uide
818 4031 944 4096 Qualitutis
957 4031 1117 4078 Coniecturum
1129 4046 1151 4090 p.
1165 4032 1224 4094 381)
1291 4086 1295 4094 ,

84 4115 188 4162 Sermoni
204 4116 294 4162 additur
311 4115 424 4177 apologia,
442 4115 526 4175 inqua
544 4115 601 4162 haec
619 4115 682 4162 dicit.
722 4114 792 4159 ‘Non
810 4113 866 4159 dicit
883 4111 1009 4159 Ratirerius
1026 4113 1151 4175 Episcopus
1169 4113 1230 4177 quud

85 4198 189 4244 ’1111111111
203 4197 282 4256 sueiut
304 4197 345 4259 qui
366 4197 432 4243 uadit
455 4198 489 4244 ud
509 4196 634 4243 Ecclesium
657 4196 731 4243 sancti
752 4194 875 4241 Michaelis
897 4205 938 4240 aut
960 4194 1025 4240 audit
1047 4195 1138 4242 missum
1159 4196 1233 4243 suncti

85 4277 238 4327 ‘Michaelis’
271 4279 395 4327 Ecclesiam
412 4280 440 4326 de
456 4295 501 4341 qua
517 4280 617 4340 loquitur
634 4279 740 4326 Ballerini
756 4287 837 4337 putant
855 4286 913 4324 esset
929 4277 950 4324 S.
965 4276 1083 4325 Michaelis
1098 4280 1127 4324 ad
1139 4288 1231 4340 portant

86 4361 251 4419 Bursariomm,
264 4362 377 4412 Veronae.
411 4362 517 4410 Veronae
528 4363 596 4425 igitur
609 4373 632 4409 et
644 4362 681 4409 hic
693 4376 767 4408 sermo
780 4368 803 4406 et
814 4361 884 4407 ceteri
896 4359 968 4407 babiti
981 4371 1040 4408 sunt.
