2872 5002
136 353 179 414 48
524 347 529 353 ’
580 351 841 418 CATVLLI

222 541 294 604 Iam
317 541 379 603 m'e.
393 539 539 622 prodere,
562 541 627 604 iam
651 563 717 605 non
740 526 874 605 dubitas
896 540 1019 614 saliere,
1042 524 1188 622 perfide?

222 877 294 940 Nec
317 876 403 940 sacta
427 877 528 959 impia
550 876 704 940 fallacum
726 874 898 939 hominum
921 875 1085 939 caelicolis
1108 875 1248 957 placent.

225 1011 320 1094 Quae
343 1021 378 1075 tu
402 1012 540 1094 negligis
562 1032 600 1076 ac
624 1032 677 1074 me
700 1013 854 1075 miserum
876 1013 997 1075 deseris
1020 1013 1053 1073 in
1077 1011 1182 1075 malis.
1243 1009 1282 1090 (ε)

225 1122 323 1184 Eheu
346 1123 426 1204 quid
448 1122 578 1201 saciant,
600 1123 678 1199 dice,
696 1121 847 1186 homines
870 1123 964 1186 cuiue
986 1123 1131 1186 habeant
1154 1121 1274 1185 fidem?

139 1308 204 1360 hius.
240 1307 277 1360 Et
289 1309 404 1376 Sapphus
413 1308 510 1376 quidem
523 1308 693 1360 chorumbs'ca
705 1309 823 1360 carmina
835 1310 862 1360 irs
873 1309 990 1376 strophas
1002 1307 1118 1361 hinorum
1131 1326 1249 1360 uersuum
1261 1310 1288 1360 irs

139 1380 250 1445 antiquis
259 1380 411 1447 apographis
424 1378 639 1447 descriptafisisse
651 1389 761 1430 testatur
772 1379 921 1447 Hephaestio
930 1389 957 1446 p.
971 1394 1030 1442 111,
1040 1379 1120 1430 Κοινὰ
1133 1377 1161 1430 δι’
1176 1377 1225 1430 ὅσα
1239 1377 1287 1430 ὑπὸ

140 1447 305 1514 συστήματος
317 1449 364 1515 μὲν
375 1450 576 1516 καταμετρεῖται,
589 1448 651 1500 αίπὸ
668 1446 696 1500 δέ
712 1449 742 1501 τὸ
757 1446 878 1515 σῦστημα
896 1447 950 1517 ἔχει
968 1446 1156 1517 πληρούμενον
1176 1444 1217 1500 oid
1230 1448 1288 1500 έστι

139 1519 172 1569 τὰ
185 1517 212 1569 έν
226 1517 263 1587 τῷ
281 1517 391 1589 δευτέρῳ
409 1519 450 1570 καὶ
468 1518 545 1606 τρίτην
564 1520 695 1585 Σαπφοῦς·
708 1517 735 1570 έν
754 1514 791 1572 nis
809 1519 1000 1587 καταμετρεῖται
1018 1519 1065 1585 μὲν
1082 1518 1132 1571 sind
1151 1517 1288 1586 διστιχίας,

140 1588 203 1652 αὕτη
222 1583 244 1640 δ’
263 1586 277 1653 ἡ
296 1587 412 1657 διστιχία
430 1588 506 1653 ὁμοία
525 1588 591 1641 εστί.
627 1588 665 1640 Id.
674 1601 701 1658 p.
719 1603 777 1652 117,
796 1588 876 1640 Κοινὰ
894 1587 922 1640 δέ
941 1588 1119 1673 συστηματικδ
1137 1589 1204 1656 ἅπερ
1220 1588 1288 1640 καὶὸ

141 1658 205 1711 κατὰ
218 1654 310 1727 στίχον
322 1656 469 1728 γεγράφθαι
482 1658 592 1726 φάσκων
604 1657 681 1728 ίνγιῶς
692 1657 724 1710 δν
740 1657 813 1727 λέγοι
829 1659 871 1710 καί
886 1659 901 1710 d
918 1658 981 1710 κατὰ
998 1679 1131 1727 συστημα,
1142 1658 1177 1712 ὣς
1189 1659 1219 1711 κδ
1231 1656 1288 1710 δευ-

140 1748 216 1796 τερον
229 1729 369 1796 καὶτρίτον
380 1730 511 1798 Σαπφοῦς.
547 1727 590 1780 διδ
606 1729 655 1795 μέν
671 1729 722 1798 γὰρ
740 1730 770 1781 τὸ
788 1728 816 1781 έν
833 1729 889 1782 τοῖς
905 1729 1025 1782 παλαιοῖς
1041 1727 1212 1798 ἀντιγράφοις
1226 1729 1289 1780 κατὰ

142 1796 188 1850 δύο
212 1798 275 1867 cippis
294 1797 540 1868 παραγεγραμμένου
560 1798 670 1851 ἕκαστον
691 1793 764 1867 ᾆσμα
789 1798 829 1851 καὶ
849 1799 887 1851 ἔτι
908 1799 951 1851 διδ
971 1799 1001 1851 τὸ
1020 1798 1100 1865 μηδὲν
1123 1796 1289 1866 εὑρίσκεσθαι

142 1867 251 1935 ἀριθμοῦ
271 1873 392 1937 περιττοῦ
415 1871 479 1921 κατὰ
503 1867 657 1936 συστήματα
680 1868 814 1936 νομίζομεν
837 1868 901 1922 αίιτδ
924 1869 1079 1938 γεγράφθαι,
1102 1869 1183 1922 πάλιν
1203 1868 1232 1921 δέ
1277 1868 1290 1881 “

143 1937 233 2005 ὅμοιον
244 1939 363 2007 ἑκάτερον
374 1933 436 1992 είναι
449 1943 499 1991 τῶν
511 1938 539 1991 έν
550 1941 581 2005 τῇ
594 1938 668 1991 δυάδι
681 1936 780 2007 στίχων
792 1938 833 1992 καὶ
844 1939 881 2009 τῷ
894 1936 1018 1992 &innodas
1030 1938 1076 2006 την
1084 1937 1218 2008 ποιήτριαν
1228 1958 1274 1991 κστ

144 2006 224 2076 τύχην
242 2008 299 2060 τινὰ
317 2008 405 2075 ἀρτίου
424 2009 506 2062 πάντα
527 2008 637 2076 ἀριθμοῦ
655 2009 818 2075 πεποιηκέναι
839 2009 905 2076 φαίη
925 2030 965 2063 τις
983 2007 1015 2060 δν
1034 2009 1097 2062 κατὰ
1114 2008 1208 2077 στίχον
1225 2008 1290 2062 αὐτὰ

144 2077 301 2148 γεγράφθαι.
337 2080 513 2132 choriambico
528 2089 612 2132 autem
621 2082 708 2147 fuisse
723 2082 841 2132 carmina
855 2082 925 2132 tertii
942 2079 1002 2132 libri
1020 2081 1056 2131 Sa
1145 2079 1214 2132 docet
1225 2081 1290 2132 idem

141 2161 169 2218 p.
184 2152 226 2214 60,
239 2149 269 2201 τδ
281 2148 308 2201 δὲ
321 2148 495 2216 ἅκατόληκτον
507 2151 620 2201 καλείτω
633 2150 766 2219 Σαπφικδν
778 2147 1053 2215 ε’κκαιδκκασέιλλαβον,
1063 2171 1083 2218 ορ
1092 2151 1123 2202 τδ
1134 2150 1221 2216 τρίτον
1228 2148 1291 2202 ὅλου

146 2221 270 2287 Σαπφοῦς
288 2220 439 2288 γέγραπται,
460 2219 549 2272 πολλὰ
571 2218 599 2271 δι’
621 2221 662 2272 καὶ
681 2217 803 2272 Ἀλκαίου
821 2217 1092 2287 ἅψατο-Νύμφαις
1111 2221 1168 2274 ταῖς
1186 2221 1247 2274 Διὸς
1263 2218 1292 2286 ἐξ

146 2288 253 2358 αἰγιόχω
265 2290 333 2357 φασὶ
346 2288 508 2357 τετυγμένοις
520 2287 579 2358 (fr.
594 2288 651 2358 85).
688 2290 729 2358 Cs.
742 2289 849 2357 Alasr.
864 2307 905 2355 39,
916 2306 959 2355 40,
972 2307 1014 2354 41,
1029 2307 1071 2354 42,
1082 2308 1125 2356 44,
1140 2295 1182 2354 82,
1193 2295 1235 2355 83,
1249 2295 1292 2354 84,

147 2362 189 2425 86,
204 2364 246 2422 87.
282 2359 348 2412 Hinc
365 2372 471 2429 apparet
489 2361 592 2413 tertium
611 2360 705 2414 librum
724 2361 837 2429 Sapphus
850 2363 993 2413 carminum
1008 2362 1106 2413 nonnisi
1121 2361 1293 2413 chonombica

145 2429 401 2489 ἑκκαιδεκασύλλαβα
424 2431 640 2499 conprehendisse.
687 2430 739 2483 Nec
768 2431 904 2498 quodquam
934 2431 1018 2483 obstat
1047 2433 1177 2498 quominus
1203 2431 1294 2484 Alcaei

145 2520 236 2568 quoque
246 2512 270 2554 et
281 2501 376 2554 Horati
393 2501 563 2553 choriambico
581 2504 698 2554 carmina
717 2503 780 2552 κατὰ
798 2498 845 2553 δύο
863 2503 958 2569 scripta
966 2503 1079 2566 fierint.
1116 2501 1210 2552 Σκόλια
1228 2512 1295 2553 certe

145 2590 209 2638 quae
224 2572 269 2624 hoc
287 2581 367 2624 metro
384 2575 480 2640 scripta
497 2583 587 2623 extant
601 2572 671 2640 apud
686 2572 845 2623 Athenaeum
860 2569 919 2622 XV.
938 2573 989 2634 ⁶95
1004 2569 1063 2637 (14,
1079 2586 1120 2635 17,
1136 2575 1177 2638 18,
1193 2589 1233 2637 19,
1251 2588 1293 2635 20,

148 2639 196 2709 24)
209 2644 293 2694 omnia
305 2653 365 2694 sunt
375 2643 482 2701 duorum
497 2660 623 2694 uersuum.
661 2641 732 2694 lllud
741 2642 838 2708 quidem
850 2641 982 2710 effrenari
995 2653 1070 2710 posse
1093 2642 1202 2708 uidetur,
1227 2642 1295 2694 hanc

144 2713 331 2780 descriptionem
344 2712 442 2765 Catulli
454 2714 564 2764 carmini
576 2713 664 2762 XXX
673 2713 762 2764 melius
775 2730 851 2778 quam
865 2713 978 2780 priorem
995 2712 1071 2764 illanc
1084 2713 1147 2763 κατὰ
1162 2711 1296 2776 τέσσαρας

145 2785 280 2835 conuenire.
316 2783 388 2834 Nam
403 2794 461 2851 post
477 2803 501 2835 u.
517 2799 529 2846 3
544 2782 664 2834 nonnulla
682 2783 801 2834 excidisse
814 2793 894 2849 paene
907 2793 955 2849 pro
973 2793 1038 2834 certo
1055 2781 1140 2834 habco.
1177 2782 1296 2849 Longus

145 2855 211 2903 enim
225 2854 314 2904 necin
327 2872 351 2904 u.
365 2872 381 2916 4
395 2855 444 2904 uisi
457 2864 593 2922 praeeunte
610 2853 650 2905 uel
661 2866 713 2903 nec
730 2850 770 2907 uel
784 2866 856 2916 n0n;
874 2851 960 2905 deinde
972 2866 1042 2919 quae
1054 2854 1081 2904 in
1098 2872 1122 2904 u.
1134 2869 1147 2916 5
1163 2855 1208 2905 uix
1221 2853 1295 2905 hahet

145 2941 192 2989 quo
206 2924 345 2988 referatur.

187 3089 208 3136 3.
246 3074 287 3125 Sic
299 3073 420 3143 Calpurn.
432 3076 470 3128 ed.
486 3079 550 3138 1481
662 3076 720 3128 Iam
739 3092 783 3129 me
802 3076 919 3143 prodere
938 3077 990 3128 iam
1010 3076 1050 3144 (ia
1069 3073 1111 3144 A)
1129 3090 1175 3127 me
1194 3090 1249 3126 non
1268 3073 1296 3127 d.

148 3143 205 3196 AD
275 3159 331 3196 non
344 3145 370 3197 d.
378 3160 422 3196 me
435 3144 557 3198 falleres
633 3143 690 3197 lam
703 3157 747 3197 me
761 3142 878 3211 prodere
888 3145 1017 3214 (perdere
1030 3144 1061 3214 h)
1079 3144 1132 3197 iam
1146 3159 1201 3196 non
1213 3156 1258 3196 me
1271 3140 1299 3196 d.

148 3212 416 3267 BCGHLLa¹La²Oh
495 3218 525 3267 In
539 3215 564 3264 V
570 3228 644 3284 super
655 3216 708 3267 iam
721 3215 829 3268 dubitas
841 3228 966 3269 corrector
978 3235 1059 3270 recem
1071 3216 1171 3269 addidit
1183 3230 1238 3268 non
1250 3230 1297 3267 me

150 3282 390 3353 (Vmpfenhochius)
495 3301 545 3353 per
563 3286 644 3338 fidem
663 3306 728 3339 corr.
747 3288 785 3339 D.
821 3290 882 3339 Post
899 3289 964 3340 hunc
982 3307 1084 3340 uersum
1098 3286 1219 3339 excidisse
1235 3286 1297 3338 duos

149 3373 237 3407 uersus
250 3372 339 3407 censeo.

186 3443 210 3488 4.
249 3425 341 3477 Heca
412 3423 522 3477 haecH
590 3423 664 3476 Num
678 3427 828 3480 Schwahius
901 3427 1051 3492 imperiali
1122 3424 1246 3493 improba
1259 3426 1297 3478 D.

185 3511 210 3615 Ξ.
248 3495 332 3615 ἒξ
337 3514 428 3618 saggo
441 3496 473 3560 L,
486 3514 577 3563 margo
579 3496 693 3615 l{lhBapt
708 3498 838 3616 (Iluarinus
852 3499 981 3618 {iilum
995 3496 1171 3619 hpoehlichius.
1207 3566 1244 3618 Od
1268 3567 1297 3617 D

149 3604 247 3688 faciam
261 3636 289 3686 H
323 3585 386 3686 dicco
394 3585 487 3687 'seddim
523 3634 566 3686 dic
579 3578 1099 3756 imgrlssiingioiliiisordrihniddrinc.
1112 3582 1223 3690 Aedilis·
1235 3637 1298 3689 unde

150 3708 250 3760 uidetur
260 3708 287 3758 in
300 3715 393 3759 ceteras
406 3705 538 3771 defluxisse
573 3705 608 3756 de
628 3706 672 3757 inc
685 3708 781 3758 Statius
791 3707 858 3760 Voss.
871 3707 896 3756 V
892 3708 941 3776 ulp.
952 3709 1030 3760 Doer.
1067 3706 1128 3758 dice
1138 3709 1190 3775 ipse
1201 3708 1297 3758 conici.

151 3778 283 3829 Charisius
305 3793 353 3840 349
366 3776 405 3828 ed.
425 3774 488 3839 Keil,
510 3792 558 3840 339
572 3779 603 3827 P.
640 3776 740 3827 Omnia
758 3782 851 3828 autem
870 3778 1031 3844 imperatiua
1049 3778 1149 3829 tertiae
1167 3779 1297 3840 coniuga-

150 3848 232 3898 tionis
244 3853 388 3913 correptae
403 3845 523 3897 secunda
540 3861 656 3912 persona
670 3848 801 3913 temporis
820 3848 943 3899 instantis
961 3863 1011 3914 per
1029 3863 1045 3900 e
1063 3847 1183 3899 litteram
1201 3846 1297 3898 termi-

150 3923 258 3968 nantur.
296 3917 518 3982 Corrumpuntur
527 3916 594 3968 haec
606 3917 658 3968 tria
671 3918 812 3968 dumtaxat
825 3916 890 3969 facis
905 3916 956 3982 iac,
968 3918 1032 3970 dico
1046 3918 1099 3983 dic,
1111 3917 1184 3968 duco
1193 3916 1256 3979 duc,
1269 3920 1298 3969 et

150 4002 221 4053 quae
239 3985 273 4037 ab
293 3985 333 4037 his
350 3992 422 4050 sunt,
437 3987 499 4038 dico
518 3986 615 4038 addico
633 3987 720 4051 addic,
738 3986 866 4054 praedico
884 3988 1002 4055 praedic,
1022 3988 1113 4041 indico
1131 3986 1213 4052 indic,
1226 3986 1298 4039 duco

151 4055 257 4108 abduco
276 4055 372 4120 abduc,
391 4055 491 4108 induco
510 4055 600 4121 induc,
618 4058 739 4123 perduco
758 4058 868 4125 perduc,
887 4059 988 4110 seduco
1006 4059 1099 4111 seduc.
1145 4057 1200 4108 Sed
1218 4056 1297 4121 facio,

151 4125 225 4193 quod
243 4125 455 4191 subnotandum,
472 4127 494 4178 si
513 4128 741 4194 praepositionem
761 4129 905 4195 acceperit,
924 4129 958 4180 ad
977 4128 1097 4194 reguiam
1122 4127 1203 4192 redit,
1223 4127 1297 4179 uelut

152 4194 242 4247 inficio
261 4195 349 4259 inlice,
367 4196 465 4249 adticio
482 4197 577 4262 adfice,
590 4198 706 4251 conficio
724 4198 838 4251 confice.
876 4199 929 4250 Sed
947 4199 1019 4265 apud
1038 4203 1147 4251 ueteres
1164 4198 1237 4250 salua
1255 4203 1297 4248 est

151 4265 252 4331 regula,
265 4267 311 4334 qui
325 4266 453 4320 dixerunt
464 4267 534 4333 tace,
547 4268 617 4334 dice,
630 4269 701 4321 duce
713 4285 767 4321 non
780 4269 870 4321 minus
882 4267 953 4335 apud
967 4269 1115 4334 Vergilium
1127 4268 1297 4336 antiquitatis

151 4342 288 4389 amantem
302 4337 328 4388 in
342 4337 487 4391 undecimo
499 4338 570 4392 libro
582 4339 647 4391 ‘Tu
660 4339 760 4392 Volufe
778 4340 876 4391 armari
891 4338 1052 4391 Volscorum
1064 4338 1142 4391 edice
1157 4338 1298 4405 maniplis‚'

151 4406 257 4459 ratione
280 4413 518 4476 etcompetenter
538 4410 676 4477 analogiae
700 4415 729 4463 et
749 4407 940 4463 consuetudini
965 4409 1145 4475 eruditorum,
1169 4409 1299 4476 quoniam
