2872 5002
411 275 640 336 CARMINVM
670 273 863 334 CATVLLI.
1150 277 1208 333 293

59 443 176 513 moecha,
200 445 344 516 codicellos,
369 445 488 504 alteram
514 447 556 504 sic
580 445 692 502 Pudc'co
712 451 740 502 el
753 445 842 520 probo
863 444 943 502 reddo
961 443 1104 502 codicillos.
1152 439 1211 499 Sed

59 560 122 600 non
145 543 286 602 assentior
311 542 448 603 Richtero
471 545 523 603 has
545 562 642 603 rursus
668 545 709 602 sic
735 544 907 603 describenti
929 553 950 598 Α
975 561 1053 617 2343
1078 551 1096 596 Β
1122 558 1210 614 2343.

60 640 95 697 Id
113 642 191 699 enim
209 642 268 698 iure
283 641 350 700 fecit
365 642 395 699 in
410 654 440 712 A,
456 661 517 700 non
535 642 614 700 idem
628 640 660 698 in
675 652 703 712 B,
719 659 785 701 cum
807 642 849 700 sic
869 640 964 698 Redde
980 641 1081 716 putido
1102 637 1211 696 moecha

59 739 197 797 codicillos
225 738 290 818 (2ο)
315 758 376 799 non
402 741 517 799 claudat
540 742 679 813 περικοπὴν
706 740 758 799 sed
786 750 957 816 sequentem
985 739 1092 796 habeat
1118 755 1211 795 unum

59 856 177 895 uersum
192 857 209 896 a
223 856 282 914 quo
297 856 376 897 noua
390 839 542 897 manifeste
558 839 658 914 incipit
673 837 732 896 Sed
742 840 788 896 nil
799 839 970 914 proficimus,
985 838 1062 895 mlii
1079 840 1211 893 mouetur.

61 935 162 1012 Itaque
178 954 245 994 cum
260 936 439 1013 Westphalio
461 938 559 1013 potius
580 938 610 994 in
631 947 751 1013 utraque
773 947 853 1015 parte
875 936 948 994 duas
970 935 1105 1010 strophas
1126 933 1210 1004 sacio,

62 1033 114 1091 sed
128 1033 228 1106 aliter;
251 1052 319 1093 cum
333 1036 412 1093 enim
429 1037 577 1109 ἐπίφθεγμα
598 1035 668 1093 illud
688 1035 767 1092 redde
788 1036 924 1092 codicillos
944 1035 974 1092 in
996 1034 1053 1091 fine
1075 1031 1211 1108 strophae

61 1149 176 1207 semper
196 1134 330 1209 requirat,
353 1152 399 1192 uu.
423 1136 467 1204 16,
490 1146 523 1206 17
547 1153 564 1191 a
585 1133 651 1191 loco
673 1151 727 1192 suo
748 1144 844 1191 motos
865 1132 964 1211 posuit
984 1141 1051 1208 post
1071 1150 1116 1202 21,
1134 1129 1215 1202 Quod

60 1229 128 1307 (16)
143 1232 172 1287 in
191 1230 250 1303 Quo
264 1232 395 1290 mutauit.
439 1230 529 1303 Quod
551 1232 618 1290 iecit
636 1231 683 1290 ille
703 1232 821 1308 quidem
843 1233 1001 1304 συμμέτρως,
1017 1229 1069 1289 sed
1088 1237 1121 1288 ut
1142 1228 1211 1286 mihi

60 1329 174 1387 uidetur
187 1347 249 1387 non
263 1330 358 1405 magis
374 1330 541 1389 necessario
556 1348 644 1406 quam
667 1331 690 1389 si
712 1330 848 1389 carminis
869 1329 972 1389 XXIX
993 1345 1111 1387 uersum
1131 1327 1212 1385 illum

61 1428 111 1502 qui
133 1429 177 1485 bis
197 1428 300 1502 legitur
322 1426 361 1506 (5,
386 1426 415 1505 9)
433 1429 471 1486 ad
491 1446 527 1486 10
544 1429 778 1504 transposuisset,
800 1437 831 1486 ut
852 1429 988 1506 strophae
1009 1425 1212 1486 concinniores

61 1525 249 1583 efficerentur.
302 1525 347 1584 cf.
371 1544 446 1602 quae
469 1526 529 1584 dixi
551 1527 587 1585 de
610 1525 706 1584 LXII.
729 1524 820 1604 (66)„
849 1526 951 1604 Itaque
973 1535 1088 1586 seruato
1110 1523 1212 1584 ordine

61 1640 150 1698 quem
165 1633 263 1682 tenent
278 1624 405 1691 codices,
420 1625 556 1683 carminis
571 1629 661 1697 σχῆμα
674 1625 731 1684 hoc
746 1623 822 1684 facio

414 1732 444 1804 Α4
467 1768 503 1820 24
534 1769 569 1820 42
698 1759 716 1803 Β
748 1768 784 1819 24
816 1767 863 1821 24.

581 1926 618 1983 Α.
640 1922 696 1983 ΙΙΙ.

105 2069 201 2130 Huius
215 2073 330 2148 generis
352 2072 411 2132 duo
433 2083 501 2133 sunt
522 2074 652 2132 carmina
668 2071 804 2130 XXVIII
826 2073 943 2130 XXXV
958 2083 1079 2149 utraque
1100 2071 1213 2132 lucidis·

62 2170 145 2228 simis
169 2173 246 2228 notis
271 2172 385 2248 signata
413 2171 577 2246 συμμετρίας.
620 2171 740 2231 Habent
768 2172 846 2229 enim
875 2172 962 2230 ambo
992 2181 1050 2230 tres
1078 2170 1214 2246 strophas

62 2267 198 2326 XXVIII
221 2271 384 2345 quinorum,
411 2269 528 2327 XXXV
557 2288 694 2329 senorum
722 2288 867 2329 uersuum.
910 2269 1054 2329 Carminis
1079 2268 1214 2326 XXVIII

62 2366 200 2444 strophae
221 2366 309 2426 altera
330 2387 364 2427 ac
386 2369 470 2427 tertia
483 2369 512 2426 in
530 2388 555 2443 3,
574 2388 589 2426 2
606 2357 769 2439 discedunt,
791 2369 985 2427 conuersione
1006 2379 1126 2444 repente
1147 2376 1215 2443 post

62 2467 177 2523 tertium
191 2483 308 2524 uersum
324 2465 408 2538 lacta,
426 2465 588 2525 OMemmi
606 2467 668 2525 benc
688 2486 729 2523 me
747 2486 781 2524 oc
801 2469 850 2524 dc'u
870 2468 999 2542 supzisum
1014 2464 1068 2545 (9),
1083 2464 1126 2522 At
1137 2464 1216 2522 uobis

62 2565 139 2620 mola
153 2565 240 2622 mullo
255 2565 288 2620 di
297 2565 409 2640 dcocquc
424 2563 497 2644 (14).
541 2565 632 2636 Quod
651 2565 728 2624 cadit
748 2566 837 2624 etiam
858 2566 888 2623 in
910 2565 1034 2641 primam
1056 2563 1216 2639 stropham.

62 2660 143 2719 Nam
157 2680 222 2719 cum
238 2663 370 2721 uersibus
389 2683 443 2738 1-3
460 2664 576 2723 Pisonis
590 2665 713 2723 comites
728 2664 869 2724 allocutus
891 2674 944 2735 est,
959 2663 1079 2722 eosdem
1095 2681 1182 2722 uersu
1197 2680 1214 2735 4

65 2757 145 2829 Quid
162 2778 255 2817 rerum
272 2762 401 2836 geroicis?
427 2761 595 2837 interrogat,
617 2762 695 2820 unde
717 2763 785 2821 satis
808 2770 875 2838 post
894 2782 911 2836 3
930 2761 1097 2821 dIstinctum
1119 2760 1215 2831 credo,

62 2867 95 2914 ut
109 2858 148 2914 ibi
162 2858 311 2917 incidatur.
356 2859 427 2919 Non
442 2861 540 2918 miuus
558 2863 693 2920 carminis
715 2860 831 2919 XXXV
846 2863 876 2919 in
890 2862 1018 2920 minores
1040 2872 1136 2937 partes
1157 2861 1215 2919 dis-

39 2955 175 3027 ⁸cedunt
192 2956 329 3033 strophae
340 2978 349 3030 3
371 2958 482 3035 priores
504 2959 580 3018 duae
601 2959 630 3017 in
653 2979 681 3030 4,
705 2978 719 3016 2
731 2978 739 3031 ;
762 2960 845 3018 tertia
866 2961 895 3017 in
919 2979 966 3034 33.
1008 2959 1128 3033 Σχήματα
1149 2967 1217 3018 sunt

63 3053 137 3113 haec

229 3169 363 3228 XXVIII
387 3189 434 3246 32,
451 3190 499 3246 32,
518 3191 554 3246 32
573 3170 645 3249 (555
661 3172 827 3252 Richterus)

229 3267 344 3325 XXXV
386 3287 435 3342 42,
451 3287 499 3341 42,
516 3289 554 3345 33
578 3268 632 3347 (sic
654 3269 813 3343 Frankius;
835 3270 990 3330 Richterus
1010 3288 1072 3329 non
1094 3269 1216 3329 multum

635 3366 951 3445 alite16.6.3.3.)

506 3530 540 3588 Β.
563 3530 778 3607 Aequabilium.

103 3697 128 3730 α.
155 3690 166 3728 1
191 3672 241 3730 ubi
262 3673 375 3749 primus
393 3691 530 3732 numerus
553 3672 711 3748 respondet
733 3673 872 3745 secund0,
895 3673 994 3732 tertius
1015 3682 1127 3749 quarto.
1150 3672 1163 3729 Ι
1185 3671 1216 3729 II

62 3770 139 3830 XVI
165 3770 276 3828 XXIV.
320 3770 447 3830 Carmen
471 3771 485 3830 I
508 3773 549 3830 sic
575 3772 758 3831 distributum
780 3782 823 3831 est
844 3773 874 3829 in
895 3781 992 3848 partes
1014 3791 1039 3842 2,
1063 3786 1090 3845 5,
1114 3789 1149 3844 3;
1179 3789 1215 3829 ex

62 3868 170 3945 quibus
194 3888 210 3942 5
233 3888 331 3928 rursus
352 3871 382 3928 in
400 3889 425 3941 2,
443 3889 459 3944 3
475 3870 560 3929 cadit.
603 3869 672 3942 Qua
689 3871 720 3928 in
737 3889 768 3930 re
783 3871 908 3928 eandem
930 3887 1065 3928 normam
1086 3868 1217 3928 Catullus

63 3976 181 4025 secutus
207 3977 251 4025 est
273 3984 363 4043 quam
387 3968 417 4026 in
443 3969 571 4027 carmine
597 3968 754 4027 Parcarum
779 3966 887 4025 LXIV.
913 3970 1063 4042 323-381,
1086 3979 1117 4024 ut
1139 3976 1217 4025 esset

63 4064 184 4141 quidem
199 4065 328 4141 partibus
340 4085 392 4125 sua
403 4067 600 4144 aequabilitas,
611 4085 707 4143 neque
722 4085 757 4125 ea
771 4076 870 4124 tamen
880 4064 983 4123 iisdem
994 4065 1100 4124 finibus
1110 4067 1217 4142 quibus

63 4181 111 4222 res
126 4162 162 4221 de
177 4183 235 4241 qua
249 4183 347 4224 sermo
362 4175 439 4225 esset
452 4165 653 4224 includeretur.

105 4260 140 4319 C.
155 4259 186 4319 II
207 4260 264 4321 huc
286 4263 339 4322 sed
360 4263 525 4322 dubitanter
546 4264 650 4334 rettuli,
665 4263 808 4339 corruptis
829 4264 937 4338 quae8
955 4273 1100 4334 secuntur,
1119 4280 1216 4338 ιι-ι3

64 4367 163 4418 autem
187 4359 345 4420 multorum
367 4360 475 4421 iudicio
498 4379 565 4421 cum
590 4359 701 4437 reliquo
725 4369 861 4437 poemate
886 4360 961 4418 male
985 4359 1217 4422 cohaerentibus.
