2872 5002
148 320 206 378 mv
478 300 482 306 ’
538 318 908 382 raonsoouuna

149 502 276 578 aliquam
290 501 393 561 merito
486 511 565 561 secet
661 502 756 563 Multo
770 505 809 564 ita
822 523 870 563 me
885 505 924 564 dii
938 512 1037 563 ament
1135 503 1212 577 Quis
1225 502 1298 581 potia

149 611 194 659 est
296 609 391 660 amate
405 599 507 658 iniuria
601 601 757 678 quiequam
772 603 847 661 bene
861 603 935 662 uelle
950 603 1054 662 mereri
1152 594 1305 678 beningue'

150 697 216 757 Imo
231 699 318 757 etiarn
333 699 411 757 tedet
425 707 537 774 stetque
551 699 703 775 magisque
717 700 810 778 magis
865 702 991 759 amicum
1007 701 1066 759 hab
1082 702 1150 775 (αἱ)
1202 700 1297 761 leiim

149 797 281 872 obiurgia
294 796 363 854 flere
415 797 529 873 despuit
570 796 617 856 Vc
630 801 647 855 ἓ
661 802 725 856 mes
774 799 848 859 uelle
862 805 961 880 qrarq3
976 809 1019 859 tot
1033 800 1084 858 tibi
1135 798 1298 858 manentia

148 894 208 954 iam
222 905 250 956 te
264 912 315 955 cur
410 893 491 966 Quin
506 905 537 952 tu
551 896 650 954 animo
664 895 789 956 affirmas
804 905 891 974 atque
904 898 1058 974 istictoque
1117 896 1217 956 'Seu
1231 894 1298 971 milri

149 993 309 1068 subrepens
330 992 406 1050 imos
428 1003 459 1050 ut
480 1008 601 1067 corpore
621 993 651 1051 in
672 1004 749 1052 artus
899 1014 914 1053 z
936 1005 1030 1054 totum
1050 994 1129 1054 hunc
1152 995 1298 1071 deponere

149 1089 279 1167 Surrepti
292 1091 333 1148 mi
406 1089 450 1148 Mi
464 1091 571 1149 misero
636 1091 789 1168 Arripuisti
858 1092 925 1152 Vite
939 1091 1090 1152 heuhenu
1103 1102 1182 1151 ostre
1197 1102 1298 1168 pecua

148 1189 278 1248 amicicie
400 1188 464 1264 quis
479 1189 518 1249 sis
532 1199 560 1247 te
575 1189 758 1267 famulosque
772 1200 838 1249 tuos
958 1191 1028 1267 quid
1042 1209 1196 1267 nunquam
1209 1190 1299 1250 lesbia

148 1287 228 1345 malit
311 1296 444 1345 natorum
526 1305 594 1346 cum
607 1289 669 1346 exis
683 1299 713 1347 et
794 1297 873 1348 tenta
955 1289 1007 1347 Ille
1021 1299 1049 1348 te
1063 1289 1160 1348 mulso
1248 1305 1299 1348 seu

148 1384 229 1461 quod
243 1385 337 1443 carius
439 1385 565 1444 comoda
673 1387 831 1446 commoda
940 1387 1059 1446 insidias
1072 1387 1168 1447 acrius
1182 1386 1299 1447 insidias

147 1483 175 1541 ei
188 1493 233 1541 est
314 1481 439 1541 aufertur
534 1484 639 1542 arctius
715 1485 810 1545 ionios
824 1503 889 1545 esse
904 1486 957 1545 sed
970 1487 1067 1546 ionios
1152 1497 1241 1564 eapte
1255 1505 1299 1545 re·

25 1590 30 1597 '
148 1592 229 1659 perta
335 1579 448 1640 Proruit
549 1581 620 1658 quid
634 1600 695 1640 non
710 1583 777 1642 sinit
879 1583 919 1642 Et
932 1584 1003 1661 quid
1106 1583 1221 1643 desinat
1235 1600 1299 1644 esse

147 1687 239 1736 mater
321 1679 357 1739 sit
371 1697 469 1738 macer
551 1680 694 1739 Nascatur
776 1699 876 1758 magu,
950 1681 1029 1741 Nam
1045 1677 1138 1758 magi
1220 1681 1299 1740 Con·

147 1784 313 1853 stanterque
327 1787 459 1853 putarem
474 1777 565 1840 Haud
578 1796 666 1855 posse
681 1779 756 1854 turpi
869 1798 916 1839 me
932 1779 1124 1856 (dispeream)
1140 1780 1197 1839 nisi
1210 1790 1297 1839 amat

148 1872 218 1944 Quo
233 1874 414 1949 signo-nisi
428 1893 496 1934 amo
510 1895 560 1933 om.
660 1876 819 1935 nImmium
841 1877 944 1936 studeo
965 1877 1015 1935 tibi
1036 1895 1119 1936 cesar
1139 1878 1215 1938 uelle
1237 1878 1298 1956 pla·

147 1989 212 2031 cere
228 1970 275 2030 Ne
290 1973 313 2029 si
327 1977 378 2030 ore
393 1981 488 2031 utrum
502 1973 541 2032 sis
556 1973 653 2033 saluus
667 1992 706 2032 au
720 1974 790 2033 alter
803 1974 895 2034 homo
1006 1974 1132 2052 Smyrna
1245 1976 1297 2035 Sa·

147 2069 235 2127 trachi
250 2081 349 2145 portus
471 2069 626 2147 Smyrnam
641 2072 760 2130 incana
883 2073 1026 2149 peruoluit
1147 2073 1297 2133 morientis

147 2168 204 2225 sint
219 2166 299 2226 cordi
312 2177 502 2225 monumenta
516 2167 621 2229 laboris
694 2169 862 2230 enthimaco
926 2171 1019 2230 dolori
1033 2181 1077 2231 est
1153 2171 1296 2231 Mundius

147 2264 204 2324 hoc
219 2265 288 2323 nihil
303 2269 319 2323 ὅ
334 2267 477 2341 nobisque
491 2266 670 2324 immundius
684 2267 754 2326 illud
886 2268 964 2326 ehic
979 2268 1073 2328 dentis
1088 2269 1297 2346 sesquipedalis

145 2363 287 2441 ploxomo
370 2364 525 2440 mIngentis
601 2365 726 2424 carnifici
810 2365 845 2424 In
861 2375 888 2425 te
903 2367 927 2424 si
939 2367 1059 2443 inquam
1074 2368 1146 2445 quid
1228 2367 1296 2426 uicti

146 2462 207 2520 lsta
221 2470 253 2523 tri
267 2462 367 2538 lingua
462 2463 588 2538 trepidas
684 2464 848 2541 carpatinas
947 2464 1053 2524 efficIas
1149 2466 1296 2525 ambrosia

146 2560 256 2620 Verum
271 2561 301 2619 id
315 2579 376 2620 non
459 2572 556 2620 nostre
572 2562 687 2621 demere
771 2562 900 2620 Abstersi
914 2564 1004 2638 guttis
1088 2564 1296 2622 ueronensium

146 2660 282 2735 depereat
392 2658 479 2717 Nunc
494 2669 592 2718 tamen
607 2659 715 2718 interea
729 2659 828 2736 prisco
843 2660 880 2718 de
894 2677 976 2717 more
1088 2661 1161 2719 tristi
1174 2679 1295 2720 munere

145 2757 233 2816 redde
254 2757 324 2815 mihi
345 2756 448 2815 decem
585 2768 629 2816 est
650 2759 717 2836 quis
853 2758 935 2816 mimi
1071 2775 1139 2818 cum
1160 2777 1296 2835 caupone

146 2854 244 2932 pipleri
269 2855 425 2913 ascendere
508 2855 624 2913 iureiliis
711 2855 807 2914 obello
894 2852 929 2914 ΓΙ
943 2857 1101 2933 quicquam
1184 2857 1293 2934 cupido

145 2954 315 3027 optantique
330 2962 358 3010 et
372 2953 475 3027 obtigit
489 2951 553 3031 und
653 2955 747 3029 magis
762 2959 778 3012 ἓ
792 2973 840 3013 me
940 2953 957 3014 Γ
962 2954 994 3012 Ic
1009 2955 1162 3014 hominum
1177 2957 1293 3013 arbitrio

145 3051 276 3125 populari
362 3061 459 3109 exerta
547 3050 677 3109 Alterum
690 3052 747 3110 hoc
833 3037 966 3112 Aufilene
981 3054 1060 3112 bone
1153 3052 1293 3112 innimica

145 3149 289 3224 promissa
391 3159 452 3207 tota
554 3155 722 3208 contentae
737 3151 834 3208 uiuere
936 3151 1031 3209 lause
1127 3150 1243 3210 efficere
1256 3170 1292 3210 ex

143 3256 246 3321 patruo
353 3245 464 3305 Multus
477 3247 568 3305 homo
583 3251 599 3305 ἓ
614 3264 687 3305 uaso
702 3266 797 3323 neque
812 3253 878 3307 tecr'l
893 3248 988 3307 ml'tus
1003 3248 1051 3306 ho·
1067 3247 1118 3307 sed
1132 3247 1293 3308 Descendit

143 3362 215 3402 naso
231 3344 337 3403 multus
351 3363 383 3403 es
396 3353 421 3405 ἀ
435 3344 546 3421 paticus
643 3343 759 3403 Mecilia
851 3345 970 3422 Singula
1067 3345 1150 3405 salius
1242 3346 1293 3423 qui

142 3453 215 3517 quot
346 3443 494 3502 contendo
517 3444 552 3501 sit
567 3443 649 3501 diues
663 3442 751 3500 instar
883 3452 1011 3520 potesset
1143 3454 1186 3503 tot
1200 3445 1291 3503 modo

143 3541 235 3615 ipsez
351 3541 483 3599 bactiade
593 3540 654 3612 Qui
668 3550 696 3598 te
806 3541 886 3601 Telis
900 3543 1036 3601 infestum
1050 3543 1162 3601 mittere
1177 3561 1292 3620 nosque

142 3650 229 3715 caput
324 3639 392 3697 hinc
406 3639 533 3697 ualuisse
629 3639 772 3697 euitamus
788 3641 893 3698 amicta
991 3649 1022 3698 tu
1036 3641 1120 3699 dabis

667 3821 765 3880 Tituli.

182 3944 212 4001 Il
234 3945 331 4004 Fletus
353 3946 477 4021 passeris
499 3945 604 4003 Lesbie
691 3945 735 4002 IV
757 3945 803 4003 De
826 3945 944 4020 phaselo
1030 3945 1058 4000 V
1081 3945 1129 4003 Ad
1151 3945 1290 4004 Lesbiam

142 4042 185 4099 VI
208 4043 255 4100 Ad
268 4043 401 4101 Flauium
464 4042 523 4101 VII
545 4043 594 4100 Ad
608 4043 746 4101 Lesbiam
816 4042 891 4100 VIII
913 4043 962 4101 Ad
977 4045 1105 4119 seipsum
1176 4042 1219 4101 IX
1242 4043 1290 4101 Ad

140 4140 310 4199 Verannum
410 4140 454 4198 XI
476 4143 523 4201 Ad
537 4141 656 4199 Furium
670 4142 858 4201 &Aurelium
962 4141 1024 4199 XII
1045 4141 1093 4199 Ad
1108 4140 1289 4218 Matrucinu3

141 4239 273 4297 Asinium
403 4239 479 4298 XIII
501 4241 549 4299 Ad
570 4240 722 4298 Fabullum
855 4239 928 4296 XIV
950 4240 999 4298 Ad
1021 4238 1149 4298 Gaiuum
1170 4248 1288 4314 poetam

139 4336 197 4392 XV
218 4337 267 4396 Ad
281 4337 431 4397 Aurelium
549 4338 623 4397 XVI
643 4339 693 4398 Ad
707 4338 855 4398 Aurelium
870 4344 895 4396 ἀ
910 4337 1016 4396 furium
1129 4334 1219 4393 XVII
1240 4336 1290 4394 Ad

138 4434 275 4494 Amicum
361 4437 433 4495 XXI
456 4439 504 4498 Ad
517 4439 666 4498 Aurelium
749 4436 837 4494 XXII
859 4436 907 4495 Ad
920 4436 1031 4495 Varum
1114 4434 1220 4493 XXIII
1241 4435 1289 4493 Ad
