<?xml version="1.0" encoding="UTF-8"?>
<!DOCTYPE html PUBLIC "-//W3C//DTD XHTML 1.0 Transitional//EN"
    "http://www.w3.org/TR/xhtml1/DTD/xhtml1-transitional.dtd">
<html xmlns="http://www.w3.org/1999/xhtml" xml:lang="en" lang="en">
 <head>
  <title>
</title>
<meta http-equiv="Content-Type" content="text/html;charset=utf-8" />
  <meta name='ocr-system' content='tesseract 3.04.00' />
  <meta name='ocr-capabilities' content='ocr_page ocr_carea ocr_par ocr_line ocrx_word'/>
</head>
<body>
  <div class='ocr_page' id='page_1' title='image "./catulliliber00catugoog_0143.png"; bbox 0 0 2872 5002; ppageno 0'>
   <div class='ocr_carea' id='block_1_1' title="bbox 572 369 928 436">
    <p class='ocr_par' dir='ltr' id='par_1_1' title="bbox 572 369 928 436">
     <span class='ocr_line' id='line_1_1' title="bbox 572 369 928 436; baseline -0.003 0"><span class='ocrx_word' id='word_1_1' title='bbox 572 371 595 380; x_wconf 83' lang='grc'>”</span> <span class='ocrx_word' id='word_1_2' title='bbox 616 369 878 436; x_wconf 76' lang='lat' dir='ltr'>CA&#39;TVLLI</span> <span class='ocrx_word' id='word_1_3' title='bbox 908 378 928 422; x_wconf 78' lang='lat'>&#39;2</span> 
     </span>
    </p>
   </div>
   <div class='ocr_carea' id='block_1_2' title="bbox 690 710 808 775">
    <p class='ocr_par' dir='ltr' id='par_1_2' title="bbox 690 710 808 775">
     <span class='ocr_line' id='line_1_2' title="bbox 690 710 808 775; baseline 0 -2"><span class='ocrx_word' id='word_1_4' title='bbox 690 710 808 775; x_wconf 92' lang='lat' dir='ltr'><strong>XXII.</strong></span> 
     </span>
    </p>
   </div>
   <div class='ocr_carea' id='block_1_3' title="bbox 178 887 1147 1194">
    <p class='ocr_par' dir='ltr' id='par_1_3' title="bbox 178 887 1147 1194">
     <span class='ocr_line' id='line_1_3' title="bbox 178 887 1079 974; baseline 0.003 -25"><span class='ocrx_word' id='word_1_5' title='bbox 178 892 220 962; x_wconf 90' lang='grc' dir='ltr'>ΙΑ</span> <span class='ocrx_word' id='word_1_6' title='bbox 236 913 255 950; x_wconf 87' lang='lat' dir='ltr'>a</span> <span class='ocrx_word' id='word_1_7' title='bbox 300 887 494 964; x_wconf 75' lang='lat' dir='ltr'>SVFFENVS</span> <span class='ocrx_word' id='word_1_8' title='bbox 518 890 588 967; x_wconf 84' lang='lat' dir='ltr'>iste,</span> <span class='ocrx_word' id='word_1_9' title='bbox 611 889 708 966; x_wconf 88' lang='lat' dir='ltr'>Vare,</span> <span class='ocrx_word' id='word_1_10' title='bbox 730 910 832 974; x_wconf 91' lang='lat' dir='ltr'>quem</span> <span class='ocrx_word' id='word_1_11' title='bbox 856 890 959 973; x_wconf 88' lang='lat' dir='ltr'>probe</span> <span class='ocrx_word' id='word_1_12' title='bbox 982 888 1079 966; x_wconf 88' lang='lat' dir='ltr'>nosti,</span> 
     </span>
     <span class='ocr_line' id='line_1_4' title="bbox 181 976 1125 1078; baseline -0.001 -14"><span class='ocrx_word' id='word_1_13' title='bbox 181 976 183 979; x_wconf 16' lang='grc' dir='ltr'>Ι</span> <span class='ocrx_word' id='word_1_14' title='bbox 344 1001 459 1064; x_wconf 90' lang='lat' dir='ltr'>Homo</span> <span class='ocrx_word' id='word_1_15' title='bbox 481 1010 531 1064; x_wconf 89' lang='lat' dir='ltr'>est</span> <span class='ocrx_word' id='word_1_16' title='bbox 554 1010 713 1065; x_wconf 88' lang='lat' dir='ltr'>uenustus</span> <span class='ocrx_word' id='word_1_17' title='bbox 735 1011 769 1066; x_wconf 90' lang='lat' dir='ltr'>et</span> <span class='ocrx_word' id='word_1_18' title='bbox 791 1002 891 1065; x_wconf 86' lang='lat' dir='ltr'>dicax</span> <span class='ocrx_word' id='word_1_19' title='bbox 914 1009 948 1065; x_wconf 88' lang='lat' dir='ltr'>et</span> <span class='ocrx_word' id='word_1_20' title='bbox 970 994 1125 1078; x_wconf 86' lang='lat' dir='ltr'>urbanus,</span> 
     </span>
     <span class='ocr_line' id='line_1_5' title="bbox 344 1103 1147 1194; baseline 0.002 -21"><span class='ocrx_word' id='word_1_21' title='bbox 344 1111 505 1193; x_wconf 88' lang='lat' dir='ltr'>Idemque</span> <span class='ocrx_word' id='word_1_22' title='bbox 527 1111 625 1194; x_wconf 88' lang='lat' dir='ltr'>longe</span> <span class='ocrx_word' id='word_1_23' title='bbox 647 1113 806 1194; x_wconf 85' lang='lat' dir='ltr'>plurimos</span> <span class='ocrx_word' id='word_1_24' title='bbox 827 1112 906 1177; x_wconf 83' lang='lat' dir='ltr'>iacit</span> <span class='ocrx_word' id='word_1_25' title='bbox 929 1132 1051 1176; x_wconf 76' lang='lat' dir='ltr'>uersuS.</span> <span class='ocrx_word' id='word_1_26' title='bbox 1143 1103 1147 1107; x_wconf 58' lang='grc'>’</span> 
     </span>
    </p>
   </div>
   <div class='ocr_carea' id='block_1_4' title="bbox 234 1271 1318 1804">
    <p class='ocr_par' dir='ltr' id='par_1_4' title="bbox 234 1271 1318 1579">
     <span class='ocr_line' id='line_1_6' title="bbox 234 1271 1160 1355; baseline 0 -21"><span class='ocrx_word' id='word_1_27' title='bbox 234 1279 258 1348; x_wconf 84' lang='grc' dir='ltr'><strong><em>β</em></strong></span> <span class='ocrx_word' id='word_1_28' title='bbox 299 1272 383 1336; x_wconf 88' lang='lat' dir='ltr'>Puto</span> <span class='ocrx_word' id='word_1_29' title='bbox 406 1293 477 1337; x_wconf 87' lang='lat' dir='ltr'>esse</span> <span class='ocrx_word' id='word_1_30' title='bbox 499 1294 562 1355; x_wconf 86' lang='lat' dir='ltr'>ego</span> <span class='ocrx_word' id='word_1_31' title='bbox 585 1273 631 1337; x_wconf 92' lang='lat' dir='ltr'>illi</span> <span class='ocrx_word' id='word_1_32' title='bbox 654 1274 744 1337; x_wconf 92' lang='lat' dir='ltr'>milia</span> <span class='ocrx_word' id='word_1_33' title='bbox 764 1282 822 1337; x_wconf 88' lang='lat' dir='ltr'>aut</span> <span class='ocrx_word' id='word_1_34' title='bbox 844 1274 960 1338; x_wconf 88' lang='lat' dir='ltr'>decem</span> <span class='ocrx_word' id='word_1_35' title='bbox 983 1281 1041 1337; x_wconf 90' lang='lat' dir='ltr'>aut</span> <span class='ocrx_word' id='word_1_36' title='bbox 1063 1271 1160 1354; x_wconf 88' lang='lat' dir='ltr'>plura</span> 
     </span>
     <span class='ocr_line' id='line_1_7' title="bbox 344 1384 1318 1473; baseline 0.001 -25"><span class='ocrx_word' id='word_1_37' title='bbox 344 1385 535 1466; x_wconf 84' lang='lat' dir='ltr'>Perscripta‚</span> <span class='ocrx_word' id='word_1_38' title='bbox 558 1405 617 1448; x_wconf 91' lang='lat' dir='ltr'>nec</span> <span class='ocrx_word' id='word_1_39' title='bbox 639 1386 685 1448; x_wconf 90' lang='lat' dir='ltr'>sic</span> <span class='ocrx_word' id='word_1_40' title='bbox 708 1397 745 1448; x_wconf 94' lang='lat' dir='ltr'>ut</span> <span class='ocrx_word' id='word_1_41' title='bbox 768 1384 806 1449; x_wconf 85' lang='lat' dir='ltr'>fit</span> <span class='ocrx_word' id='word_1_42' title='bbox 829 1386 861 1448; x_wconf 91' lang='lat' dir='ltr'>in</span> <span class='ocrx_word' id='word_1_43' title='bbox 884 1385 1099 1473; x_wconf 81' lang='lat' dir='ltr'>palimpsesto</span> <span class='ocrx_word' id='word_1_44' title='bbox 1303 1407 1318 1456; x_wconf 75' lang='lat' dir='ltr'>s</span> 
     </span>
     <span class='ocr_line' id='line_1_8' title="bbox 345 1495 996 1579; baseline 0.002 -21"><span class='ocrx_word' id='word_1_45' title='bbox 345 1495 484 1559; x_wconf 87' lang='lat' dir='ltr'>Relata:</span> <span class='ocrx_word' id='word_1_46' title='bbox 522 1507 632 1560; x_wconf 89' lang='lat' dir='ltr'>cartae</span> <span class='ocrx_word' id='word_1_47' title='bbox 654 1497 771 1579; x_wconf 83' lang='lat' dir='ltr'>regiae,</span> <span class='ocrx_word' id='word_1_48' title='bbox 795 1497 896 1561; x_wconf 86' lang='lat' dir='ltr'>nouei</span> <span class='ocrx_word' id='word_1_49' title='bbox 914 1497 996 1575; x_wconf 88' lang='lat' dir='ltr'><strong>libri,</strong></span> 
     </span>
    </p>

    <p class='ocr_par' dir='ltr' id='par_1_5' title="bbox 343 1610 1177 1804">
     <span class='ocr_line' id='line_1_9' title="bbox 344 1610 1047 1687; baseline 0.001 -14"><span class='ocrx_word' id='word_1_50' title='bbox 344 1611 433 1673; x_wconf 93' lang='lat' dir='ltr'>Noui</span> <span class='ocrx_word' id='word_1_51' title='bbox 456 1610 610 1687; x_wconf 85' lang='lat' dir='ltr'><strong>umbilici,</strong></span> <span class='ocrx_word' id='word_1_52' title='bbox 632 1611 702 1674; x_wconf 91' lang='lat' dir='ltr'>lora</span> <span class='ocrx_word' id='word_1_53' title='bbox 724 1611 831 1686; x_wconf 90' lang='lat' dir='ltr'>rubra,</span> <span class='ocrx_word' id='word_1_54' title='bbox 855 1611 1047 1674; x_wconf 84' lang='lat' dir='ltr'>membrana</span> 
     </span>
     <span class='ocr_line' id='line_1_10' title="bbox 343 1721 1177 1804; baseline 0.001 -21"><span class='ocrx_word' id='word_1_55' title='bbox 343 1721 491 1784; x_wconf 84' lang='lat' dir='ltr'>Derecta</span> <span class='ocrx_word' id='word_1_56' title='bbox 513 1722 658 1803; x_wconf 92' lang='lat' dir='ltr'>plumbo,</span> <span class='ocrx_word' id='word_1_57' title='bbox 682 1731 715 1785; x_wconf 88' lang='lat' dir='ltr'>et</span> <span class='ocrx_word' id='word_1_58' title='bbox 737 1722 869 1804; x_wconf 90' lang='lat' dir='ltr'>pumice</span> <span class='ocrx_word' id='word_1_59' title='bbox 891 1722 1003 1786; x_wconf 88' lang='lat' dir='ltr'>omnia</span> <span class='ocrx_word' id='word_1_60' title='bbox 1024 1729 1177 1803; x_wconf 80' lang='lat' dir='ltr'>aequata</span> 
     </span>
    </p>
   </div>
   <div class='ocr_carea' id='block_1_5' title="bbox 111 1881 1106 2076">
    <p class='ocr_par' dir='ltr' id='par_1_6' title="bbox 111 1881 1106 2076">
     <span class='ocr_line' id='line_1_11' title="bbox 111 1881 1106 1964; baseline -0.001 -19"><span class='ocrx_word' id='word_1_61' title='bbox 111 1882 121 1904; x_wconf 87' lang='grc'><strong><em>”</em></strong></span> <span class='ocrx_word' id='word_1_62' title='bbox 193 1888 250 1945; x_wconf 86' lang='lat' dir='ltr'>Bo</span> <span class='ocrx_word' id='word_1_63' title='bbox 301 1883 395 1946; x_wconf 90' lang='lat' dir='ltr'>Haec</span> <span class='ocrx_word' id='word_1_64' title='bbox 418 1903 492 1945; x_wconf 94' lang='lat' dir='ltr'>cum</span> <span class='ocrx_word' id='word_1_65' title='bbox 516 1882 606 1964; x_wconf 84' lang='lat' dir='ltr'>legas</span> <span class='ocrx_word' id='word_1_66' title='bbox 629 1891 674 1959; x_wconf 82' lang='lat' dir='ltr'>tu,</span> <span class='ocrx_word' id='word_1_67' title='bbox 696 1881 803 1945; x_wconf 88' lang='lat' dir='ltr'>bellus</span> <span class='ocrx_word' id='word_1_68' title='bbox 826 1882 880 1946; x_wconf 93' lang='lat' dir='ltr'>ille</span> <span class='ocrx_word' id='word_1_69' title='bbox 904 1893 938 1947; x_wconf 87' lang='lat' dir='ltr'>et</span> <span class='ocrx_word' id='word_1_70' title='bbox 960 1884 1106 1946; x_wconf 90' lang='lat' dir='ltr'>urbanus</span> 
     </span>
     <span class='ocr_line' id='line_1_12' title="bbox 343 1992 1056 2076; baseline -0.001 -20"><span class='ocrx_word' id='word_1_71' title='bbox 343 1992 498 2056; x_wconf 83' lang='lat' dir='ltr'>Suffenus</span> <span class='ocrx_word' id='word_1_72' title='bbox 520 2013 603 2056; x_wconf 91' lang='lat' dir='ltr'>unus</span> <span class='ocrx_word' id='word_1_73' title='bbox 626 1993 848 2076; x_wconf 84' lang='lat' dir='ltr'>caprimulgus</span> <span class='ocrx_word' id='word_1_74' title='bbox 871 2003 929 2058; x_wconf 90' lang='lat' dir='ltr'>aut</span> <span class='ocrx_word' id='word_1_75' title='bbox 951 1993 1056 2057; x_wconf 80' lang='lat' dir='ltr'>fossor</span> 
     </span>
    </p>
   </div>
   <div class='ocr_carea' id='block_1_6' title="bbox 169 2366 1324 4521">
    <p class='ocr_par' dir='ltr' id='par_1_7' title="bbox 169 2366 1321 2707">
     <span class='ocr_line' id='line_1_13' title="bbox 210 2366 1321 2438; baseline -0.001 -18"><span class='ocrx_word' id='word_1_76' title='bbox 210 2372 250 2420; x_wconf 76' lang='lat' dir='ltr'>Ad</span> <span class='ocrx_word' id='word_1_77' title='bbox 279 2369 379 2420; x_wconf 75' lang='lat' dir='ltr'>Varum</span> <span class='ocrx_word' id='word_1_78' title='bbox 400 2368 583 2424; x_wconf 79' lang='lat' dir='ltr'>ABDGLLa²</span> <span class='ocrx_word' id='word_1_79' title='bbox 600 2381 625 2423; x_wconf 89' lang='lat' dir='ltr'>et</span> <span class='ocrx_word' id='word_1_80' title='bbox 643 2372 679 2423; x_wconf 85' lang='lat' dir='ltr'>sic</span> <span class='ocrx_word' id='word_1_81' title='bbox 694 2373 813 2436; x_wconf 90' lang='lat' dir='ltr'>fortasse</span> <span class='ocrx_word' id='word_1_82' title='bbox 836 2369 941 2424; x_wconf 80' lang='lat' dir='ltr'>titulans</span> <span class='ocrx_word' id='word_1_83' title='bbox 962 2370 1022 2438; x_wconf 83' lang='lat' dir='ltr'>legit</span> <span class='ocrx_word' id='word_1_84' title='bbox 1041 2367 1180 2436; x_wconf 70' lang='lat' dir='ltr'>Porphyrio</span> <span class='ocrx_word' id='word_1_85' title='bbox 1203 2366 1240 2418; x_wconf 84' lang='lat' dir='ltr'>ad</span> <span class='ocrx_word' id='word_1_86' title='bbox 1257 2366 1321 2419; x_wconf 85' lang='lat' dir='ltr'>Hor.</span> 
     </span>
     <span class='ocr_line' id='line_1_14' title="bbox 170 2439 1320 2510; baseline -0.005 -16"><span class='ocrx_word' id='word_1_87' title='bbox 170 2443 225 2495; x_wconf 87' lang='lat' dir='ltr'>Sat.</span> <span class='ocrx_word' id='word_1_88' title='bbox 238 2443 275 2493; x_wconf 84' lang='grc' dir='ltr'>ΙΙ.</span> <span class='ocrx_word' id='word_1_89' title='bbox 291 2457 313 2506; x_wconf 84' lang='lat'>3,</span> <span class='ocrx_word' id='word_1_90' title='bbox 328 2456 378 2505; x_wconf 80' lang='lat'>299</span> <span class='ocrx_word' id='word_1_91' title='bbox 391 2452 416 2493; x_wconf 86' lang='lat' dir='ltr'>et</span> <span class='ocrx_word' id='word_1_92' title='bbox 431 2443 544 2510; x_wconf 80' lang='lat' dir='ltr'>Scriptor</span> <span class='ocrx_word' id='word_1_93' title='bbox 559 2441 661 2494; x_wconf 86' lang='lat' dir='ltr'>Florum</span> <span class='ocrx_word' id='word_1_94' title='bbox 680 2441 822 2494; x_wconf 83' lang='lat' dir='ltr'>Moralium</span> <span class='ocrx_word' id='word_1_95' title='bbox 842 2441 995 2504; x_wconf 81' lang='lat' dir='ltr'>Veronensis,</span> <span class='ocrx_word' id='word_1_96' title='bbox 1007 2439 1050 2492; x_wconf 88' lang='lat' dir='ltr'>ubi</span> <span class='ocrx_word' id='word_1_97' title='bbox 1067 2439 1130 2491; x_wconf 89' lang='lat' dir='ltr'>citat</span> <span class='ocrx_word' id='word_1_98' title='bbox 1149 2457 1192 2490; x_wconf 89' lang='lat' dir='ltr'>uu.</span> <span class='ocrx_word' id='word_1_99' title='bbox 1208 2453 1320 2501; x_wconf 77' lang='lat'>19-21.</span> 
     </span>
     <span class='ocr_line' id='line_1_15' title="bbox 170 2506 1320 2582; baseline -0.005 -18"><span class='ocrx_word' id='word_1_100' title='bbox 170 2512 213 2564; x_wconf 84' lang='lat' dir='ltr'>Ad</span> <span class='ocrx_word' id='word_1_101' title='bbox 244 2510 347 2563; x_wconf 84' lang='lat' dir='ltr'>Varum</span> <span class='ocrx_word' id='word_1_102' title='bbox 377 2510 511 2581; x_wconf 88' lang='lat' dir='ltr'>(Varmm</span> <span class='ocrx_word' id='word_1_103' title='bbox 534 2509 568 2582; x_wconf 89' lang='lat' dir='ltr'>a)</span> <span class='ocrx_word' id='word_1_104' title='bbox 599 2512 655 2564; x_wconf 86' lang='lat' dir='ltr'>laus</span> <span class='ocrx_word' id='word_1_105' title='bbox 684 2511 782 2562; x_wconf 82' lang='lat' dir='ltr'>suffeni</span> <span class='ocrx_word' id='word_1_106' title='bbox 812 2517 912 2578; x_wconf 84' lang='lat' dir='ltr'>poetae</span> <span class='ocrx_word' id='word_1_107' title='bbox 942 2510 986 2563; x_wconf 85' lang='lat' dir='ltr'>Ha</span> <span class='ocrx_word' id='word_1_108' title='bbox 1133 2506 1177 2559; x_wconf 82' lang='lat' dir='ltr'>Ad</span> <span class='ocrx_word' id='word_1_109' title='bbox 1202 2507 1320 2559; x_wconf 85' lang='lat' dir='ltr'>Varrum</span> 
     </span>
     <span class='ocr_line' id='line_1_16' title="bbox 169 2578 1321 2652; baseline -0.004 -18"><span class='ocrx_word' id='word_1_110' title='bbox 169 2589 280 2650; x_wconf 85' lang='lat' dir='ltr'>poetam</span> <span class='ocrx_word' id='word_1_111' title='bbox 305 2583 323 2635; x_wconf 81' lang='lat' dir='ltr'><em>h</em></span> <span class='ocrx_word' id='word_1_112' title='bbox 429 2582 538 2637; x_wconf 85' lang='lat' dir='ltr'>Nullum</span> <span class='ocrx_word' id='word_1_113' title='bbox 562 2585 672 2652; x_wconf 82' lang='lat' dir='ltr'>spatium</span> <span class='ocrx_word' id='word_1_114' title='bbox 693 2584 720 2634; x_wconf 89' lang='lat' dir='ltr'>in</span> <span class='ocrx_word' id='word_1_115' title='bbox 744 2581 775 2647; x_wconf 89' lang='lat'>0,</span> <span class='ocrx_word' id='word_1_116' title='bbox 795 2584 838 2650; x_wconf 86' lang='lat' dir='ltr'>qui</span> <span class='ocrx_word' id='word_1_117' title='bbox 861 2593 946 2634; x_wconf 88' lang='lat' dir='ltr'>tamen</span> <span class='ocrx_word' id='word_1_118' title='bbox 969 2581 1127 2649; x_wconf 81' lang='lat' dir='ltr'>adscriptum</span> <span class='ocrx_word' id='word_1_119' title='bbox 1147 2578 1222 2631; x_wconf 85' lang='lat' dir='ltr'>habet</span> <span class='ocrx_word' id='word_1_120' title='bbox 1235 2579 1321 2646; x_wconf 83' lang='lat' dir='ltr'>primo</span> 
     </span>
     <span class='ocr_line' id='line_1_17' title="bbox 169 2672 298 2707; baseline -0.016 0"><span class='ocrx_word' id='word_1_121' title='bbox 169 2672 298 2707; x_wconf 80' lang='lat' dir='ltr'>uersur=.</span> 
     </span>
    </p>

    <p class='ocr_par' dir='ltr' id='par_1_8' title="bbox 208 2719 1082 2791">
     <span class='ocr_line' id='line_1_18' title="bbox 208 2719 1082 2791; baseline -0.002 -16"><span class='ocrx_word' id='word_1_122' title='bbox 208 2741 231 2777; x_wconf 82' lang='grc' dir='ltr'>ι.</span> <span class='ocrx_word' id='word_1_123' title='bbox 270 2722 400 2775; x_wconf 80' lang='lat' dir='ltr'>Fnffenus</span> <span class='ocrx_word' id='word_1_124' title='bbox 412 2725 529 2777; x_wconf 84' lang='lat' dir='ltr'>Muretus</span> <span class='ocrx_word' id='word_1_125' title='bbox 542 2723 660 2777; x_wconf 83' lang='lat' dir='ltr'>Handius</span> <span class='ocrx_word' id='word_1_126' title='bbox 731 2722 792 2775; x_wconf 89' lang='lat' dir='ltr'>uaie</span> <span class='ocrx_word' id='word_1_127' title='bbox 805 2724 851 2775; x_wconf 85' lang='lat' dir='ltr'>Da</span> <span class='ocrx_word' id='word_1_128' title='bbox 922 2736 1009 2791; x_wconf 88' lang='lat' dir='ltr'>prope</span> <span class='ocrx_word' id='word_1_129' title='bbox 1022 2719 1082 2773; x_wconf 85' lang='lat' dir='ltr'>AL.</span> 
     </span>
    </p>

    <p class='ocr_par' dir='ltr' id='par_1_9' title="bbox 208 2792 652 2932">
     <span class='ocr_line' id='line_1_19' title="bbox 208 2792 652 2932; baseline 0.007 -48"><span class='ocrx_word' id='word_1_130' title='bbox 208 2850 232 2897; x_wconf 76' lang='lat'>3.</span> <span class='ocrx_word' id='word_1_131' title='bbox 271 2792 443 2901; x_wconf 53' lang='lat' dir='ltr'>millies</span> <span class='ocrx_word' id='word_1_132' title='bbox 515 2833 603 2932; x_wconf 61' lang='lat' dir='ltr'>mque</span> <span class='ocrx_word' id='word_1_133' title='bbox 616 2835 652 2887; x_wconf 84' lang='lat' dir='ltr'>o.</span> 
     </span>
    </p>

    <p class='ocr_par' dir='ltr' id='par_1_10' title="bbox 171 2901 1320 3027">
     <span class='ocr_line' id='line_1_20' title="bbox 208 2901 1320 2970; baseline -0.002 -16"><span class='ocrx_word' id='word_1_134' title='bbox 208 2921 233 2967; x_wconf 88' lang='lat'>4.</span> <span class='ocrx_word' id='word_1_135' title='bbox 270 2902 478 2970; x_wconf 82' lang='lat' dir='ltr'>Putoesseego</span> <span class='ocrx_word' id='word_1_136' title='bbox 493 2904 558 2956; x_wconf 87' lang='lat' dir='ltr'>GLa</span> <span class='ocrx_word' id='word_1_137' title='bbox 569 2904 610 2956; x_wconf 86' lang='lat' dir='ltr'>Oa</span> <span class='ocrx_word' id='word_1_138' title='bbox 720 2904 793 2957; x_wconf 87' lang='lat' dir='ltr'>Puto</span> <span class='ocrx_word' id='word_1_139' title='bbox 805 2902 846 2956; x_wconf 87' lang='lat' dir='ltr'>e&#39;e</span> <span class='ocrx_word' id='word_1_140' title='bbox 859 2918 919 2956; x_wconf 66' lang='lat' dir='ltr'>esee</span> <span class='ocrx_word' id='word_1_141' title='bbox 931 2902 1020 2969; x_wconf 76' lang='lat' dir='ltr'>egoV</span> <span class='ocrx_word' id='word_1_142' title='bbox 1112 2901 1186 2954; x_wconf 86' lang='lat' dir='ltr'>Puto</span> <span class='ocrx_word' id='word_1_143' title='bbox 1198 2914 1320 2966; x_wconf 82' lang='lat' dir='ltr'>egoesse</span> 
     </span>
     <span class='ocr_line' id='line_1_21' title="bbox 171 2974 549 3027; baseline 0 -1"><span class='ocrx_word' id='word_1_144' title='bbox 171 2974 331 3026; x_wconf 84' lang='lat' dir='ltr'>BCDHLhel</span> <span class='ocrx_word' id='word_1_145' title='bbox 400 2975 483 3027; x_wconf 86' lang='lat' dir='ltr'>millia</span> <span class='ocrx_word' id='word_1_146' title='bbox 495 2975 549 3027; x_wconf 90' lang='lat' dir='ltr'>CG.</span> 
     </span>
    </p>

    <p class='ocr_par' dir='ltr' id='par_1_11' title="bbox 170 3037 1324 3323">
     <span class='ocr_line' id='line_1_22' title="bbox 207 3037 1322 3113; baseline -0.003 -18"><span class='ocrx_word' id='word_1_147' title='bbox 207 3061 231 3108; x_wconf 84' lang='lat'>5.</span> <span class='ocrx_word' id='word_1_148' title='bbox 270 3043 425 3112; x_wconf 80' lang='lat' dir='ltr'>Prescripla</span> <span class='ocrx_word' id='word_1_149' title='bbox 443 3043 546 3097; x_wconf 77' lang='lat' dir='ltr'>BLa¹V</span> <span class='ocrx_word' id='word_1_150' title='bbox 560 3045 697 3097; x_wconf 85' lang='lat' dir='ltr'>Marcilius</span> <span class='ocrx_word' id='word_1_151' title='bbox 812 3055 860 3113; x_wconf 82' lang='lat' dir='ltr'>pro</span> <span class='ocrx_word' id='word_1_152' title='bbox 878 3043 916 3095; x_wconf 86' lang='lat' dir='ltr'>sic</span> <span class='ocrx_word' id='word_1_153' title='bbox 934 3043 1026 3096; x_wconf 83' lang='lat' dir='ltr'>habent</span> <span class='ocrx_word' id='word_1_154' title='bbox 1047 3044 1083 3099; x_wconf 79' lang='lat' dir='ltr'>m</span> <span class='ocrx_word' id='word_1_155' title='bbox 1098 3037 1322 3094; x_wconf 78' lang='lat' dir='ltr'>BGHLa¹La²0h</span> 
     </span>
     <span class='ocr_line' id='line_1_23' title="bbox 170 3110 1324 3183; baseline -0.003 -19"><span class='ocrx_word' id='word_1_156' title='bbox 170 3113 200 3165; x_wconf 84' lang='lat' dir='ltr'>fit</span> <span class='ocrx_word' id='word_1_157' title='bbox 214 3135 231 3166; x_wconf 89' lang='lat' dir='ltr'>a</span> <span class='ocrx_word' id='word_1_158' title='bbox 323 3113 698 3183; x_wconf 82' lang='lat' dir='ltr'>palmiseptoACDGLLa²O</span> <span class='ocrx_word' id='word_1_159' title='bbox 787 3114 982 3182; x_wconf 85' lang='lat' dir='ltr'>paiimisetoH</span> <span class='ocrx_word' id='word_1_160' title='bbox 1064 3111 1208 3180; x_wconf 86' lang='lat' dir='ltr'>palmiseto</span> <span class='ocrx_word' id='word_1_161' title='bbox 1222 3110 1324 3163; x_wconf 72' lang='grc' dir='ltr'>ΜΝ</span> 
     </span>
     <span class='ocr_line' id='line_1_24' title="bbox 170 3183 1320 3253; baseline -0.002 -17"><span class='ocrx_word' id='word_1_162' title='bbox 170 3185 347 3253; x_wconf 83' lang='lat' dir='ltr'>Phillippensis</span> <span class='ocrx_word' id='word_1_163' title='bbox 447 3184 592 3252; x_wconf 82' lang='lat' dir='ltr'>palipsesro</span> <span class='ocrx_word' id='word_1_164' title='bbox 609 3187 646 3239; x_wconf 86' lang='lat' dir='ltr'>ed.</span> <span class='ocrx_word' id='word_1_165' title='bbox 663 3187 711 3238; x_wconf 88' lang='lat' dir='ltr'>Pr.</span> <span class='ocrx_word' id='word_1_166' title='bbox 806 3185 1001 3252; x_wconf 82' lang='lat' dir='ltr'>palimpseston</span> <span class='ocrx_word' id='word_1_167' title='bbox 1021 3183 1203 3237; x_wconf 86' lang='lat' dir='ltr'>Lachmannus</span> <span class='ocrx_word' id='word_1_168' title='bbox 1224 3183 1320 3250; x_wconf 81' lang='lat' dir='ltr'>Haupt.</span> 
     </span>
     <span class='ocr_line' id='line_1_25' title="bbox 170 3249 1082 3323; baseline -0.001 -17"><span class='ocrx_word' id='word_1_169' title='bbox 170 3254 374 3323; x_wconf 86' lang='lat' dir='ltr'>palimpsestum</span> <span class='ocrx_word' id='word_1_170' title='bbox 386 3258 440 3307; x_wconf 88' lang='lat' dir='ltr'>iam</span> <span class='ocrx_word' id='word_1_171' title='bbox 453 3267 530 3308; x_wconf 87' lang='lat' dir='ltr'>antea</span> <span class='ocrx_word' id='word_1_172' title='bbox 543 3256 667 3309; x_wconf 79' lang='lat' dir='ltr'>Heinsius</span> <span class='ocrx_word' id='word_1_173' title='bbox 730 3249 923 3322; x_wconf 71' lang='grc' dir='ltr'>παλίμψηστον</span> <span class='ocrx_word' id='word_1_174' title='bbox 934 3255 1082 3307; x_wconf 75' lang='lat' dir='ltr'>Manilius.</span> 
     </span>
    </p>

    <p class='ocr_par' dir='ltr' id='par_1_12' title="bbox 170 3321 1318 3448">
     <span class='ocr_line' id='line_1_26' title="bbox 205 3321 1318 3386; baseline -0.006 -6"><span class='ocrx_word' id='word_1_175' title='bbox 205 3326 231 3377; x_wconf 84' lang='grc'>6.</span> <span class='ocrx_word' id='word_1_176' title='bbox 272 3340 345 3380; x_wconf 84' lang='lat' dir='ltr'>noue</span> <span class='ocrx_word' id='word_1_177' title='bbox 361 3326 586 3379; x_wconf 81' lang='lat' dir='ltr'>ABGGLLa¹0V</span> <span class='ocrx_word' id='word_1_178' title='bbox 671 3340 772 3378; x_wconf 87' lang='lat' dir='ltr'>nouem</span> <span class='ocrx_word' id='word_1_179' title='bbox 793 3326 897 3378; x_wconf 83' lang='lat' dir='ltr'>DHahb</span> <span class='ocrx_word' id='word_1_180' title='bbox 914 3327 953 3377; x_wconf 86' lang='lat' dir='ltr'>ed.</span> <span class='ocrx_word' id='word_1_181' title='bbox 972 3327 1020 3377; x_wconf 87' lang='lat' dir='ltr'>Pr.</span> <span class='ocrx_word' id='word_1_182' title='bbox 1108 3321 1174 3375; x_wconf 87' lang='lat' dir='ltr'>noui</span> <span class='ocrx_word' id='word_1_183' title='bbox 1192 3321 1231 3375; x_wconf 80' lang='lat' dir='ltr'>ed.</span> <span class='ocrx_word' id='word_1_184' title='bbox 1253 3335 1318 3386; x_wconf 82' lang='lat'>1473</span> 
     </span>
     <span class='ocr_line' id='line_1_27' title="bbox 170 3396 457 3448; baseline 0.003 -1"><span class='ocrx_word' id='word_1_185' title='bbox 170 3396 254 3448; x_wconf 85' lang='lat' dir='ltr'>nouei</span> <span class='ocrx_word' id='word_1_186' title='bbox 267 3397 457 3448; x_wconf 85' lang='lat' dir='ltr'>Lachmannus.</span> 
     </span>
    </p>

    <p class='ocr_par' dir='ltr' id='par_1_13' title="bbox 172 3460 1321 3591">
     <span class='ocr_line' id='line_1_28' title="bbox 206 3460 1321 3531; baseline -0.005 -12"><span class='ocrx_word' id='word_1_187' title='bbox 206 3481 231 3531; x_wconf 88' lang='lat'>7.</span> <span class='ocrx_word' id='word_1_188' title='bbox 268 3467 395 3519; x_wconf 87' lang='lat' dir='ltr'>umbelici</span> <span class='ocrx_word' id='word_1_189' title='bbox 408 3467 458 3520; x_wconf 89' lang='lat' dir='ltr'>CH</span> <span class='ocrx_word' id='word_1_190' title='bbox 558 3468 717 3524; x_wconf 86' lang='lat' dir='ltr'>membrane</span> <span class='ocrx_word' id='word_1_191' title='bbox 726 3467 768 3521; x_wconf 84' lang='lat' dir='ltr'>uel</span> <span class='ocrx_word' id='word_1_192' title='bbox 782 3466 956 3522; x_wconf 85' lang='lat' dir='ltr'>membranae</span> <span class='ocrx_word' id='word_1_193' title='bbox 966 3466 1057 3519; x_wconf 84' lang='lat' dir='ltr'>codices</span> <span class='ocrx_word' id='word_1_194' title='bbox 1160 3460 1321 3514; x_wconf 85' lang='lat' dir='ltr'>membrana</span> 
     </span>
     <span class='ocr_line' id='line_1_29' title="bbox 172 3539 309 3591; baseline 0 -2"><span class='ocrx_word' id='word_1_195' title='bbox 172 3539 309 3591; x_wconf 76' lang='lat' dir='ltr'>Arruntius.</span> 
     </span>
    </p>

    <p class='ocr_par' dir='ltr' id='par_1_14' title="bbox 169 3604 1321 4309">
     <span class='ocr_line' id='line_1_30' title="bbox 207 3604 1320 3677; baseline -0.003 -18"><span class='ocrx_word' id='word_1_196' title='bbox 207 3614 231 3660; x_wconf 89' lang='lat'>8.</span> <span class='ocrx_word' id='word_1_197' title='bbox 272 3608 393 3662; x_wconf 76' lang='lat' dir='ltr'>Detecta</span> <span class='ocrx_word' id='word_1_198' title='bbox 402 3609 493 3660; x_wconf 86' lang='lat' dir='ltr'>codices</span> <span class='ocrx_word' id='word_1_199' title='bbox 583 3606 843 3677; x_wconf 79' lang='lat' dir='ltr'>DectaHam.pr.</span> <span class='ocrx_word' id='word_1_200' title='bbox 934 3605 1105 3658; x_wconf 82' lang='lat' dir='ltr'>Deseclaed.</span> <span class='ocrx_word' id='word_1_201' title='bbox 1121 3619 1187 3668; x_wconf 85' lang='lat'>1473</span> <span class='ocrx_word' id='word_1_202' title='bbox 1202 3604 1320 3656; x_wconf 88' lang='lat' dir='ltr'>Muretus</span> 
     </span>
     <span class='ocr_line' id='line_1_31' title="bbox 171 3674 1321 3746; baseline -0.004 -16"><span class='ocrx_word' id='word_1_203' title='bbox 171 3679 271 3736; x_wconf 80' lang='lat' dir='ltr'>Vossius</span> <span class='ocrx_word' id='word_1_204' title='bbox 362 3677 477 3730; x_wconf 81' lang='lat' dir='ltr'>Direcra</span> <span class='ocrx_word' id='word_1_205' title='bbox 490 3677 626 3730; x_wconf 79' lang='lat' dir='ltr'>Palladius</span> <span class='ocrx_word' id='word_1_206' title='bbox 639 3679 715 3746; x_wconf 86' lang='lat' dir='ltr'>uulgo</span> <span class='ocrx_word' id='word_1_207' title='bbox 726 3691 750 3732; x_wconf 89' lang='lat' dir='ltr'>et</span> <span class='ocrx_word' id='word_1_208' title='bbox 763 3679 870 3730; x_wconf 85' lang='lat' dir='ltr'>Lachm.</span> <span class='ocrx_word' id='word_1_209' title='bbox 957 3675 1079 3728; x_wconf 85' lang='lat' dir='ltr'>Derecta</span> <span class='ocrx_word' id='word_1_210' title='bbox 1092 3676 1190 3727; x_wconf 78' lang='lat' dir='ltr'>Statius</span> <span class='ocrx_word' id='word_1_211' title='bbox 1204 3674 1321 3727; x_wconf 82' lang='lat' dir='ltr'>Conr.de</span> 
     </span>
     <span class='ocr_line' id='line_1_32' title="bbox 172 3746 1321 3816; baseline -0.005 -15"><span class='ocrx_word' id='word_1_212' title='bbox 172 3749 240 3801; x_wconf 90' lang='lat' dir='ltr'>Allio</span> <span class='ocrx_word' id='word_1_213' title='bbox 253 3750 403 3802; x_wconf 80' lang='lat' dir='ltr'>Schwabius</span> <span class='ocrx_word' id='word_1_214' title='bbox 416 3761 439 3801; x_wconf 82' lang='lat' dir='ltr'>et</span> <span class='ocrx_word' id='word_1_215' title='bbox 452 3751 487 3800; x_wconf 88' lang='lat' dir='ltr'>sic</span> <span class='ocrx_word' id='word_1_216' title='bbox 499 3761 595 3816; x_wconf 83' lang='lat' dir='ltr'>semper</span> <span class='ocrx_word' id='word_1_217' title='bbox 607 3750 698 3801; x_wconf 84' lang='lat' dir='ltr'>codices</span> <span class='ocrx_word' id='word_1_218' title='bbox 716 3750 818 3802; x_wconf 81' lang='lat' dir='ltr'>Lucreti</span> <span class='ocrx_word' id='word_1_219' title='bbox 830 3746 879 3815; x_wconf 85' lang='lat' dir='ltr'>(cf.</span> <span class='ocrx_word' id='word_1_220' title='bbox 893 3747 1001 3800; x_wconf 79' lang='lat' dir='ltr'>Lachm.</span> <span class='ocrx_word' id='word_1_221' title='bbox 1013 3747 1050 3798; x_wconf 86' lang='lat' dir='ltr'>ad</span> <span class='ocrx_word' id='word_1_222' title='bbox 1060 3746 1104 3796; x_wconf 87' lang='lat' dir='ltr'>IV.</span> <span class='ocrx_word' id='word_1_223' title='bbox 1118 3746 1169 3808; x_wconf 85' lang='lat'>609</span> <span class='ocrx_word' id='word_1_224' title='bbox 1182 3756 1208 3797; x_wconf 88' lang='lat' dir='ltr'>et</span> <span class='ocrx_word' id='word_1_225' title='bbox 1226 3746 1321 3797; x_wconf 85' lang='lat' dir='ltr'>Mrenro</span> 
     </span>
     <span class='ocr_line' id='line_1_33' title="bbox 169 3814 1321 3886; baseline -0.006 -15"><span class='ocrx_word' id='word_1_226' title='bbox 169 3820 208 3871; x_wconf 87' lang='lat' dir='ltr'>ad</span> <span class='ocrx_word' id='word_1_227' title='bbox 225 3820 268 3870; x_wconf 90' lang='lat' dir='ltr'>VI.</span> <span class='ocrx_word' id='word_1_228' title='bbox 289 3818 356 3886; x_wconf 83' lang='lat'><em>823)</em></span> <span class='ocrx_word' id='word_1_229' title='bbox 485 3818 619 3883; x_wconf 84' lang='lat' dir='ltr'>Derigere</span> <span class='ocrx_word' id='word_1_230' title='bbox 646 3839 710 3872; x_wconf 86' lang='lat' dir='ltr'>unus</span> <span class='ocrx_word' id='word_1_231' title='bbox 738 3820 812 3872; x_wconf 82' lang='lat' dir='ltr'>codex</span> <span class='ocrx_word' id='word_1_232' title='bbox 840 3819 962 3870; x_wconf 85' lang='lat' dir='ltr'>Ciceronis</span> <span class='ocrx_word' id='word_1_233' title='bbox 985 3829 1034 3886; x_wconf 82' lang='lat' dir='ltr'>pro</span> <span class='ocrx_word' id='word_1_234' title='bbox 1062 3816 1141 3868; x_wconf 82' lang='lat' dir='ltr'>Sestio</span> <span class='ocrx_word' id='word_1_235' title='bbox 1165 3814 1249 3867; x_wconf 85' lang='lat' dir='ltr'>XLV.</span> <span class='ocrx_word' id='word_1_236' title='bbox 1269 3819 1321 3880; x_wconf 79' lang='lat'>98,-</span> 
     </span>
     <span class='ocr_line' id='line_1_34' title="bbox 169 3884 1321 3958; baseline -0.004 -17"><span class='ocrx_word' id='word_1_237' title='bbox 169 3889 316 3954; x_wconf 84' lang='lat' dir='ltr'>deregatur</span> <span class='ocrx_word' id='word_1_238' title='bbox 323 3890 502 3957; x_wconf 83' lang='lat' dir='ltr'>palimpsestus</span> <span class='ocrx_word' id='word_1_239' title='bbox 515 3890 544 3940; x_wconf 82' lang='lat' dir='ltr'>de</span> <span class='ocrx_word' id='word_1_240' title='bbox 557 3890 616 3958; x_wconf 82' lang='lat' dir='ltr'>Rep.</span> <span class='ocrx_word' id='word_1_241' title='bbox 630 3891 666 3942; x_wconf 86' lang='lat' dir='ltr'>II.</span> <span class='ocrx_word' id='word_1_242' title='bbox 682 3906 722 3953; x_wconf 88' lang='lat'>31.</span> <span class='ocrx_word' id='word_1_243' title='bbox 738 3906 769 3954; x_wconf 83' lang='lat'>55</span> <span class='ocrx_word' id='word_1_244' title='bbox 874 3889 1003 3940; x_wconf 86' lang='lat' dir='ltr'>derectae</span> <span class='ocrx_word' id='word_1_245' title='bbox 1016 3886 1088 3938; x_wconf 86' lang='lat' dir='ltr'>Caes.</span> <span class='ocrx_word' id='word_1_246' title='bbox 1102 3886 1134 3936; x_wconf 84' lang='lat' dir='ltr'>B.</span> <span class='ocrx_word' id='word_1_247' title='bbox 1149 3885 1181 3937; x_wconf 89' lang='lat' dir='ltr'>G.</span> <span class='ocrx_word' id='word_1_248' title='bbox 1196 3884 1254 3936; x_wconf 81' lang='lat' dir='ltr'>Vll.</span> <span class='ocrx_word' id='word_1_249' title='bbox 1270 3900 1321 3949; x_wconf 77' lang='lat'>23,-</span> 
     </span>
     <span class='ocr_line' id='line_1_35' title="bbox 170 3955 1320 4025; baseline -0.003 -15"><span class='ocrx_word' id='word_1_250' title='bbox 170 3961 289 4011; x_wconf 87' lang='lat' dir='ltr'>derectis</span> <span class='ocrx_word' id='word_1_251' title='bbox 308 3961 339 4012; x_wconf 89' lang='lat' dir='ltr'>B.</span> <span class='ocrx_word' id='word_1_252' title='bbox 359 3960 390 4011; x_wconf 89' lang='lat' dir='ltr'>G.</span> <span class='ocrx_word' id='word_1_253' title='bbox 413 3959 471 4010; x_wconf 81' lang='lat' dir='ltr'>VII.</span> <span class='ocrx_word' id='word_1_254' title='bbox 493 3977 533 4023; x_wconf 87' lang='lat'>27,</span> <span class='ocrx_word' id='word_1_255' title='bbox 552 3976 603 4025; x_wconf 87' lang='lat'>72;</span> <span class='ocrx_word' id='word_1_256' title='bbox 630 3959 703 4012; x_wconf 84' lang='lat' dir='ltr'>VIII.</span> <span class='ocrx_word' id='word_1_257' title='bbox 723 3976 756 4024; x_wconf 88' lang='lat'>9;</span> <span class='ocrx_word' id='word_1_258' title='bbox 775 3960 807 4012; x_wconf 89' lang='lat' dir='ltr'>B.</span> <span class='ocrx_word' id='word_1_259' title='bbox 826 3960 903 4011; x_wconf 80' lang='lat' dir='ltr'>Alex.</span> <span class='ocrx_word' id='word_1_260' title='bbox 924 3975 949 4024; x_wconf 83' lang='lat' dir='ltr'>a,</span> <span class='ocrx_word' id='word_1_261' title='bbox 967 3956 1081 4008; x_wconf 85' lang='lat' dir='ltr'>derecto</span> <span class='ocrx_word' id='word_1_262' title='bbox 1100 3955 1131 4007; x_wconf 86' lang='lat' dir='ltr'>B.</span> <span class='ocrx_word' id='word_1_263' title='bbox 1150 3956 1179 4007; x_wconf 94' lang='lat' dir='ltr'>C.</span> <span class='ocrx_word' id='word_1_264' title='bbox 1200 3957 1252 4006; x_wconf 88' lang='lat' dir='ltr'>m.</span> <span class='ocrx_word' id='word_1_265' title='bbox 1271 3969 1320 4018; x_wconf 87' lang='lat'>79;</span> 
     </span>
     <span class='ocr_line' id='line_1_36' title="bbox 171 4025 1320 4097; baseline -0.003 -17"><span class='ocrx_word' id='word_1_266' title='bbox 171 4032 208 4082; x_wconf 84' lang='grc' dir='ltr'>ΙΙ.</span> <span class='ocrx_word' id='word_1_267' title='bbox 222 4048 247 4095; x_wconf 84' lang='lat'>9,</span> <span class='ocrx_word' id='word_1_268' title='bbox 263 4045 313 4095; x_wconf 78' lang='lat'>²43</span> <span class='ocrx_word' id='word_1_269' title='bbox 333 4029 364 4080; x_wconf 91' lang='lat' dir='ltr'>B.</span> <span class='ocrx_word' id='word_1_270' title='bbox 379 4031 426 4095; x_wconf 91' lang='lat' dir='ltr'>Af.</span> <span class='ocrx_word' id='word_1_271' title='bbox 442 4034 492 4094; x_wconf 82' lang='lat'>783</span> <span class='ocrx_word' id='word_1_272' title='bbox 512 4029 623 4081; x_wconf 83' lang='lat' dir='ltr'>derecta</span> <span class='ocrx_word' id='word_1_273' title='bbox 637 4031 667 4082; x_wconf 89' lang='grc' dir='ltr'>Β.</span> <span class='ocrx_word' id='word_1_274' title='bbox 684 4031 731 4097; x_wconf 90' lang='lat' dir='ltr'>Af.</span> <span class='ocrx_word' id='word_1_275' title='bbox 748 4046 797 4095; x_wconf 81' lang='lat'>41;</span> <span class='ocrx_word' id='word_1_276' title='bbox 816 4029 956 4081; x_wconf 85' lang='lat' dir='ltr'>derectam</span> <span class='ocrx_word' id='word_1_277' title='bbox 970 4026 1014 4079; x_wconf 90' lang='lat' dir='ltr'>Al.</span> <span class='ocrx_word' id='word_1_278' title='bbox 1026 4029 1068 4090; x_wconf 87' lang='lat'>64,</span> <span class='ocrx_word' id='word_1_279' title='bbox 1079 4025 1204 4078; x_wconf 83' lang='lat' dir='ltr'>derectas</span> <span class='ocrx_word' id='word_1_280' title='bbox 1217 4026 1264 4077; x_wconf 89' lang='lat' dir='ltr'>Al.</span> <span class='ocrx_word' id='word_1_281' title='bbox 1279 4029 1320 4089; x_wconf 80' lang='lat'>38.</span> 
     </span>
     <span class='ocr_line' id='line_1_37' title="bbox 169 4096 1319 4170; baseline -0.004 -18"><span class='ocrx_word' id='word_1_282' title='bbox 169 4102 222 4152; x_wconf 87' lang='lat' dir='ltr'>Pro</span> <span class='ocrx_word' id='word_1_283' title='bbox 234 4101 418 4165; x_wconf 82' lang='lat' dir='ltr'>eademforma</span> <span class='ocrx_word' id='word_1_284' title='bbox 428 4111 499 4152; x_wconf 88' lang='lat' dir='ltr'>stant</span> <span class='ocrx_word' id='word_1_285' title='bbox 512 4101 603 4152; x_wconf 85' lang='lat' dir='ltr'>codices</span> <span class='ocrx_word' id='word_1_286' title='bbox 617 4100 714 4170; x_wconf 81' lang='lat' dir='ltr'>Vergili</span> <span class='ocrx_word' id='word_1_287' title='bbox 728 4101 805 4154; x_wconf 85' lang='lat' dir='ltr'>decies</span> <span class='ocrx_word' id='word_1_288' title='bbox 817 4113 842 4153; x_wconf 86' lang='lat' dir='ltr'>et</span> <span class='ocrx_word' id='word_1_289' title='bbox 855 4103 892 4152; x_wconf 87' lang='lat' dir='ltr'>sic</span> <span class='ocrx_word' id='word_1_290' title='bbox 904 4098 1023 4163; x_wconf 83' lang='lat' dir='ltr'>deriguit</span> <span class='ocrx_word' id='word_1_291' title='bbox 1035 4097 1188 4162; x_wconf 83' lang='lat' dir='ltr'>deriguere.</span> <span class='ocrx_word' id='word_1_292' title='bbox 1225 4096 1319 4148; x_wconf 84' lang='lat' dir='ltr'>Contra</span> 
     </span>
     <span class='ocr_line' id='line_1_38' title="bbox 169 4165 1321 4238; baseline -0.003 -18"><span class='ocrx_word' id='word_1_293' title='bbox 169 4169 287 4234; x_wconf 85' lang='lat' dir='ltr'>dirigere</span> <span class='ocrx_word' id='word_1_294' title='bbox 302 4170 448 4238; x_wconf 83' lang='lat' dir='ltr'>plerumque</span> <span class='ocrx_word' id='word_1_295' title='bbox 465 4171 580 4224; x_wconf 83' lang='lat' dir='ltr'>exhibent</span> <span class='ocrx_word' id='word_1_296' title='bbox 597 4172 688 4224; x_wconf 84' lang='lat' dir='ltr'>codices</span> <span class='ocrx_word' id='word_1_297' title='bbox 708 4172 830 4225; x_wconf 89' lang='lat' dir='ltr'>Ciceronis</span> <span class='ocrx_word' id='word_1_298' title='bbox 847 4181 872 4223; x_wconf 85' lang='lat' dir='ltr'>et</span> <span class='ocrx_word' id='word_1_299' title='bbox 889 4171 1019 4238; x_wconf 83' lang='lat' dir='ltr'>scrs&#39;ptoris</span> <span class='ocrx_word' id='word_1_300' title='bbox 1038 4167 1096 4220; x_wconf 87' lang='lat' dir='ltr'>belli</span> <span class='ocrx_word' id='word_1_301' title='bbox 1116 4168 1205 4233; x_wconf 85' lang='lat' dir='ltr'>Africi</span> <span class='ocrx_word' id='word_1_302' title='bbox 1211 4185 1221 4232; x_wconf 90' lang='lat'>,·</span> <span class='ocrx_word' id='word_1_303' title='bbox 1245 4165 1321 4219; x_wconf 86' lang='lat' dir='ltr'>semel</span> 
     </span>
     <span class='ocr_line' id='line_1_39' title="bbox 170 4239 913 4309; baseline 0.001 -17"><span class='ocrx_word' id='word_1_304' title='bbox 170 4250 272 4293; x_wconf 85' lang='lat' dir='ltr'>tantum</span> <span class='ocrx_word' id='word_1_305' title='bbox 287 4239 381 4307; x_wconf 85' lang='lat' dir='ltr'>Vergili</span> <span class='ocrx_word' id='word_1_306' title='bbox 394 4240 420 4289; x_wconf 95' lang='lat' dir='ltr'>V</span> <span class='ocrx_word' id='word_1_307' title='bbox 416 4243 438 4293; x_wconf 86' lang='lat'>1.</span> <span class='ocrx_word' id='word_1_308' title='bbox 452 4256 484 4304; x_wconf 93' lang='grc'>57</span> <span class='ocrx_word' id='word_1_309' title='bbox 557 4240 656 4308; x_wconf 85' lang='lat' dir='ltr'>punice</span> <span class='ocrx_word' id='word_1_310' title='bbox 670 4243 713 4295; x_wconf 86' lang='lat' dir='ltr'>Aa</span> <span class='ocrx_word' id='word_1_311' title='bbox 726 4242 913 4309; x_wconf 80' lang='lat' dir='ltr'>Phillippensis.</span> 
     </span>
    </p>

    <p class='ocr_par' dir='ltr' id='par_1_15' title="bbox 173 4309 1282 4379">
     <span class='ocr_line' id='line_1_40' title="bbox 173 4309 1282 4379; baseline 0 -18"><span class='ocrx_word' id='word_1_312' title='bbox 173 4337 177 4342; x_wconf 66' lang='lat'>„</span> <span class='ocrx_word' id='word_1_313' title='bbox 206 4328 231 4376; x_wconf 88' lang='lat'>9.</span> <span class='ocrx_word' id='word_1_314' title='bbox 251 4309 311 4362; x_wconf 91' lang='lat' dir='ltr'>Nec</span> <span class='ocrx_word' id='word_1_315' title='bbox 324 4312 352 4362; x_wconf 89' lang='lat' dir='ltr'><em>D</em></span> <span class='ocrx_word' id='word_1_316' title='bbox 428 4322 457 4365; x_wconf 86' lang='lat' dir='ltr'>tu</span> <span class='ocrx_word' id='word_1_317' title='bbox 468 4313 559 4364; x_wconf 81' lang='lat' dir='ltr'>codices</span> <span class='ocrx_word' id='word_1_318' title='bbox 572 4315 663 4365; x_wconf 84' lang='lat' dir='ltr'>sinceri</span> <span class='ocrx_word' id='word_1_319' title='bbox 768 4316 828 4363; x_wconf 88' lang='lat' dir='ltr'>tum</span> <span class='ocrx_word' id='word_1_320' title='bbox 838 4311 877 4363; x_wconf 83' lang='lat' dir='ltr'>ad</span> <span class='ocrx_word' id='word_1_321' title='bbox 886 4310 971 4379; x_wconf 83' lang='lat' dir='ltr'>uulgo.</span> <span class='ocrx_word' id='word_1_322' title='bbox 1281 4340 1282 4344; x_wconf 64' lang='lat'><em>=</em></span> 
     </span>
    </p>

    <p class='ocr_par' dir='ltr' id='par_1_16' title="bbox 169 4376 1318 4521">
     <span class='ocr_line' id='line_1_41' title="bbox 209 4376 1318 4452; baseline -0.001 -21"><span class='ocrx_word' id='word_1_323' title='bbox 209 4397 249 4431; x_wconf 88' lang='lat'>10.</span> <span class='ocrx_word' id='word_1_324' title='bbox 287 4383 348 4434; x_wconf 87' lang='lat' dir='ltr'>Post</span> <span class='ocrx_word' id='word_1_325' title='bbox 377 4396 447 4433; x_wconf 85' lang='lat' dir='ltr'>unus</span> <span class='ocrx_word' id='word_1_326' title='bbox 476 4382 666 4452; x_wconf 72' lang='lat' dir='ltr'>interpungebat</span> <span class='ocrx_word' id='word_1_327' title='bbox 696 4382 794 4434; x_wconf 83' lang='lat' dir='ltr'>Statius</span> <span class='ocrx_word' id='word_1_328' title='bbox 948 4380 1017 4432; x_wconf 87' lang='lat' dir='ltr'>imus</span> <span class='ocrx_word' id='word_1_329' title='bbox 1049 4380 1078 4431; x_wconf 78' lang='lat' dir='ltr'>V.</span> <span class='ocrx_word' id='word_1_330' title='bbox 1110 4376 1318 4445; x_wconf 80' lang='lat' dir='ltr'>Umpsenbachirss</span> 
     </span>
     <span class='ocr_line' id='line_1_42' title="bbox 169 4451 758 4521; baseline 0 -17"><span class='ocrx_word' id='word_1_331' title='bbox 169 4452 242 4519; x_wconf 82' lang='lat' dir='ltr'>capri</span> <span class='ocrx_word' id='word_1_332' title='bbox 256 4451 360 4518; x_wconf 84' lang='lat' dir='ltr'>mulgus</span> <span class='ocrx_word' id='word_1_333' title='bbox 374 4452 463 4506; x_wconf 80' lang='lat' dir='ltr'>GOClr</span> <span class='ocrx_word' id='word_1_334' title='bbox 530 4453 607 4521; x_wconf 49' lang='lat' dir='ltr'>capri*</span> <span class='ocrx_word' id='word_1_335' title='bbox 615 4452 711 4519; x_wconf 80' lang='lat' dir='ltr'>uulgus</span> <span class='ocrx_word' id='word_1_336' title='bbox 722 4451 758 4504; x_wconf 85' lang='lat' dir='ltr'>H.</span> 
     </span>
    </p>
   </div>
   <div class='ocr_carea' id='block_1_7' title="bbox 0 0 1440 5002">
    <p class='ocr_par' dir='ltr' id='par_1_17' title="bbox 0 0 1440 5002">
     <span class='ocr_line' id='line_1_43' title="bbox 0 0 1440 5002; baseline 0 0"><span class='ocrx_word' id='word_1_337' title='bbox 0 0 1440 5002; x_wconf 95' lang='lat' dir='ltr'> </span> 
     </span>
    </p>
   </div>
  </div>
 </body>
</html>
