2872 5002
481 320 539 379 AD
567 321 724 383 XXXVII.
750 341 794 381 10.
1156 328 1214 384 325

65 473 164 559 oiiqui
184 485 248 552 μετὰ
269 487 401 555 σκορπίου.
444 483 523 542 Arai.
539 484 647 544 Pham,
670 490 830 561 637-646:
854 487 892 546 cs.
909 485 1004 546 Schol.
1021 486 1121 546 Germ.
1143 487 1214 545 Ara·

65 589 178 637 teorum
208 599 236 655 p.
267 581 304 654 63
335 580 462 658 Breysig.
506 581 596 653 Quod
625 584 647 641 si
677 603 778 642 uerum
807 595 850 643 est
878 585 936 644 hoc
960 585 1053 643 innuit
1077 584 1213 644 Catullus.

66 676 241 748 ‘Putatisne
256 678 364 754 Egnati
385 680 548 754 caeterique
563 681 612 757 qui
632 700 700 739 cum
717 700 754 741 eo
768 682 904 741 Lesbiam
920 701 1016 741 meam
1036 685 1139 741 amatis
1153 693 1216 741 tan·

67 793 155 850 quam
171 776 239 834 solis
254 775 338 834 liceat
352 786 444 834 totum
464 795 584 853 gregem
599 780 759 854 puellarum
774 792 971 858 constuprare,
990 781 1110 856 impune
1130 782 1217 840 uobis

67 873 98 930 id
111 872 191 931 iore?
226 872 297 932 Non
312 873 368 932 hoe
383 875 424 932 sic
439 875 544 933 abibit:
561 894 630 934 nam
645 895 703 952 ego
717 896 844 954 poenam
858 879 943 936 uobis
955 878 1104 948 denuntio,
1119 888 1217 954 aptam

68 970 137 1028 talia
157 972 350 1029 molientibus
396 971 475 1031 Sicut
496 975 575 1032 enirn
597 974 749 1045 Orionem,
771 995 807 1034 ex
828 976 910 1034 urina
935 975 1075 1052 genitum,
1099 986 1218 1052 propter

68 1077 208 1127 tentatam
228 1070 396 1145 pudicitiam
410 1070 506 1129 Diana
527 1071 682 1147 scorpione
696 1073 826 1132 immisso
843 1071 993 1144 interfecit,
1013 1074 1054 1132 sic
1076 1091 1133 1149 ego
1153 1091 1219 1143 uos,

67 1165 206 1225 Lesbiam
226 1177 378 1238 tentantes,
397 1178 583 1244 uestmmque
603 1169 770 1245 Egnatium,
791 1169 941 1228 hominem
962 1181 1056 1228 totum
1077 1189 1113 1229 ex
1135 1170 1219 1227 urina

68 1264 187 1335 iactum,
213 1266 410 1325 adulteromm
438 1284 537 1341 poena
564 1267 697 1333 afficiam,
726 1268 814 1344 idque
841 1269 986 1345 inscriptis
1014 1286 1066 1344 per
1093 1268 1218 1326 frontem

67 1362 215 1438 lupanaris
237 1363 440 1438 scorpionibus
462 1362 651 1440 significabo'

111 1461 271 1537 Postquam
299 1461 372 1519 haec
400 1462 571 1537 scripseram
596 1462 681 1520 allata
706 1472 750 1522 est
775 1462 846 1520 mibi
874 1463 1027 1538 ingeniosa
1049 1479 1120 1521 sane
1148 1478 1220 1520 con-

69 1559 178 1616 iectura
200 1557 318 1615 Rudolfi
339 1557 461 1632 Peiperi,
477 1576 564 1633 quam
586 1559 616 1617 in
637 1558 744 1617 Museo
766 1559 912 1618 Rhenano
933 1561 1002 1618 anni
1021 1563 1096 1633 1877
1114 1578 1143 1636 p.
1160 1574 1217 1633 522

71 1656 209 1732 uulgauit.
262 1656 340 1713 Nam
365 1656 477 1714 Marius
503 1656 613 1715 Plotius
636 1656 779 1716 Sacerdos
801 1658 837 1716 de
859 1659 968 1734 Tropis
991 1676 1020 1734 p.
1042 1659 1109 1729 461.
1130 1675 1169 1731 30
1190 1657 1221 1714 in

71 1754 158 1812 Keilii
180 1752 279 1812 Gram.
301 1754 364 1812 Lat.
383 1753 435 1811 VI.
450 1753 533 1812 Fasc.
551 1754 566 1810 2'
583 1754 657 1813 haec
678 1754 773 1813 habet.
815 1754 953 1813 Aslr‘smos
966 1755 1008 1830 fil
1025 1754 1114 1811 trr'bus
1135 1754 1222 1811 modii·

136 1863 189 1927 per
209 1852 426 1922 similitudinem,
451 1853 579 1925 quomodo
606 1854 707 1909 dictum
736 1860 776 1909 es!
788 1895 795 1910 .
813 1897 818 1910 .
835 1897 841 1910 .
856 1853 931 1909 r'llud
953 1855 985 1909 de
1011 1852 1149 1928 pompeo,
1174 1852 1226 1925 qui

71 1952 169 2008 coloris
182 1958 245 2008 erat
256 1950 342 2021 rubei,
357 1951 406 2007 sed
415 1951 509 2007 antini
519 1952 703 2009 rhusrecundr'.
734 1949 850 2021 ‘Quem
872 1970 934 2009 non
949 1950 1054 2026 pudet
1072 1956 1103 2007 et
1121 1949 1221 2020 rubet,

74 2054 81 2081 ‘
97 2068 158 2106 non
172 2057 222 2106 esl
232 2050 320 2106 tomo
334 2049 390 2106 sed
408 2048 512 2122 rapio}
526 2051 603 2123 ropr'o
616 2055 705 2105 aulem
719 2055 761 2104 est
771 2055 823 2105 au!
834 2049 953 2105 minim
967 2055 1018 2105 aut
1025 2048 1114 2122 priris
1127 2046 1223 2104 rubeus

72 2154 124 2204 aut
132 2148 222 2222 penti.
260 2145 344 2204 Hinc
359 2146 498 2222 Peiperus
515 2146 718 2222 reponendum
738 2147 767 2203 in
783 2144 888 2205 Catulli
908 2163 994 2204 uersu
1014 2145 1222 2221 ropionibus

71 2247 236 2317 arbitratur;
258 2245 295 2302 de
310 2244 453 2320 Pompeio
473 2244 551 2302 eninr
566 2244 607 2302 sic
622 2245 730 2302 dictum
752 2243 840 2303 luisse
861 2262 923 2300 non
943 2243 1033 2300 homo
1053 2243 1112 2302 red
1129 2245 1222 2317 rapio

74 2344 322 2419 quemadmodum
333 2343 369 2400 de
381 2341 530 2400 Mamurra
543 2360 559 2399 a
571 2340 685 2400 Catullo
697 2340 774 2400 Non
787 2342 898 2411 homo,
910 2342 969 2399 sed
979 2357 1061 2399 uero
1072 2340 1222 2398 mentula

71 2460 194 2514 magna
209 2442 331 2499 minax.

114 2538 152 2596 Et
161 2539 258 2615 ropio
268 2538 386 2615 quidem
398 2555 417 2595 o
428 2538 600 2615 productam
612 2536 719 2596 babere
729 2538 798 2596 satis
807 2537 945 2612 probatur
953 2536 1054 2622 ordine
1065 2535 1222 2594 uerborum

77 2636 172 2708 Quem
185 2636 496 2711 nonpuderetrubet
505 2645 621 2695 nonest
629 2639 726 2707 homo,
737 2636 899 2712 sedropr'o,
909 2635 938 2692 in
947 2636 1052 2712 quibus
1064 2633 1223 2692 Sotadeum

73 2736 195 2811 agnouit
220 2732 384 2810 Hauptius:
417 2752 512 2810 neque
537 2744 580 2793 est
602 2735 703 2792 curin
729 2734 938 2793 dubitationem
963 2743 1083 2790 uocetur
1104 2730 1223 2789 militare

74 2833 240 2891 conuicium
270 2832 305 2889 de
335 2830 478 2907 Pompeio
507 2832 557 2906 qui
588 2832 661 2889 oris
689 2831 789 2907 probi
812 2832 922 2887 animo
956 2830 1176 2888 inuerecunda
1207 2845 1224 2886 a

75 2930 209 2988 Sallustio
237 2929 315 3006 apud
344 2929 463 2989 Sueton.
490 2928 621 2989 Gramm.
647 2930 713 2988 XV.
739 2931 833 2989 dictus
859 2929 904 2998 sit,
929 2927 1025 3004 qualia
1052 2927 1089 2986 ab
1118 2927 1225 2984 eodem

75 3026 215 3085 Suetonio
250 3027 280 3084 in
316 3026 473 3085 Caesarem
508 3029 660 3086 notissima
694 3038 893 3086 memorantur
927 3025 995 3104 (Jul.
1024 3024 1132 3095 XLIX,
1161 3022 1224 3102 LI).

73 3125 132 3183 Sed
146 3127 206 3183 iure
220 3124 291 3182 mihi
305 3125 417 3184 uidetur
432 3124 544 3184 Keilius
559 3126 705 3184 dubitasse
719 3127 815 3201 ipsum
830 3124 898 3182 illud
920 3125 1021 3200 ropio
1041 3141 1113 3181 num
1127 3124 1224 3180 incor-

72 3234 189 3299 ruptum
208 3223 251 3280 sit.
296 3221 374 3280 Nam
395 3224 456 3282 siue
479 3224 560 3280 rubei
575 3222 682 3280 coloris
698 3221 941 3297 significationem
955 3220 1049 3290 habet,
1065 3228 1096 3277 ut
1111 3218 1224 3277 Keilius

73 3333 183 3391 censet,
205 3321 266 3378 siue
295 3319 332 3378 ad
355 3321 443 3393 ῥῶπος
467 3321 552 3394 ρῶπες
572 3318 758 3377 referendum
780 3328 833 3389 est,
855 3319 937 3393 quod
958 3317 1081 3392 Peipero
1109 3316 1224 3392 placuit,

72 3419 163 3475 miror
183 3435 328 3493 nusquam
351 3417 420 3476 alias
441 3418 497 3494 legi
511 3435 565 3492 pro
581 3415 710 3473 mentula
739 3415 885 3490 positum:
919 3431 993 3488 quae
1019 3422 1116 3470 autem
1140 3412 1226 3470 tradit

75 3515 219 3573 Sacerdos
244 3516 280 3573 de
306 3514 517 3590 significatione
541 3512 677 3570 uocabuli
700 3512 775 3570 adeo
802 3510 943 3569 fluctuant
967 3519 1081 3567 utnon
1103 3508 1225 3566 multum

73 3613 251 3672 auctoritatis
266 3613 296 3670 in
311 3613 344 3671 iis
359 3613 403 3670 sit.
440 3611 518 3669 Nam
533 3612 557 3669 si
572 3630 609 3669 ex
624 3610 690 3668 rub·
706 3611 770 3688 ras·
786 3606 870 3687 (τῷ)
886 3609 1005 3666 ductum
1020 3616 1071 3678 est,
1086 3607 1164 3664 unde
1179 3607 1227 3666 illa

73 3713 189 3768 inuecta
207 3721 250 3768 est
267 3727 411 3786 nusquam
433 3709 504 3767 alias
525 3710 555 3766 in
576 3709 621 3766 his
643 3708 732 3765 obuia
741 3708 784 3782 pi
827 3705 901 3764 Vide
918 3703 1055 3762 Corsseu.
1070 3703 1092 3761 1.
1109 3722 1137 3779 p.
1158 3706 1225 3779 369.

71 3808 139 3868 Nec
153 3826 223 3866 uero
239 3807 333 3883 potuit
347 3825 363 3864 a
379 3806 524 3864 Rufione¹
539 3805 694 3880 corrumpi,
709 3804 789 3880 quod
804 3820 912 3860 nomen
927 3801 1080 3877 quinquies
1094 3801 1124 3857 in
1139 3803 1226 3862 inser.

73 3917 142 3964 ante
164 3905 198 3964 C.
222 3906 356 3964 Caesaris
377 3916 501 3963 mortem
525 3903 559 3961 C.
581 3903 604 3961 1.
626 3903 659 3961 L.
683 3903 706 3962 1.
731 3905 798 3976 728,
822 3913 891 3974 737,
917 3918 1001 3974 1030,
1028 3901 1113 3968 1068,
1140 3917 1225 3974 1093,

73 4004 166 4064 semel
181 4004 283 4080 legitur
297 4004 327 4061 in
343 4003 531 4079 Pompeianis
550 4004 637 4077 1847,
653 4001 761 4079 septies
775 4001 805 4057 in
822 3998 963 4076 Hispanis
979 4015 1067 4069 4420,
1083 4012 1172 4073 4970.

108 4277 115 4306 ¹
134 4278 228 4326 Nomen
242 4276 346 4340 Sopionis
365 4277 401 4325 bis
417 4277 526 4340 scriptum
545 4288 580 4326 est
598 4277 621 4324 in
638 4275 779 4337 Pompeiana
797 4272 946 4334 inscriptione
967 4281 1030 4335 1700
1048 4285 1100 4319 cum
1117 4271 1229 4333 Synerote

73 4364 232 4410 coniunctum.
