2872 5002
547 331 772 393 EXCVRSVS.
1177 332 1235 387 345

83 501 212 573 γραπτέον
232 503 262 555 τὸ
283 499 383 573 Σμύρνα
403 501 489 570 ἐπειδὴ
510 502 576 558 τινὲς
595 504 659 572 perd
680 507 726 557 τοῦ
740 485 915 574 ξγράφαυσιν
935 499 1005 568 αὐτό,
1021 497 1102 570 ἕτερον
1122 498 1151 552 δὲ
1170 500 1235 566 μετὰ

83 603 129 652 τοῦ
141 607 170 654 ἅ.
214 602 328 654 Arahario
348 600 398 671 γὰρ
419 598 448 652 ὃν
468 600 498 652 τὸ
519 582 544 668 ξ,
563 601 608 653 οὐκ
629 601 738 672 ἐγχωρεῖ
757 599 821 669 perd
838 601 882 652 τοῦ
895 620 915 665 μ
928 596 1085 669 γράφεσθαι,
1101 597 1142 651 διὰ
1156 599 1186 652 τὸ
1198 597 1234 666 μὴ

83 695 207 750 δύνασθαι
228 698 286 768 τρία
308 695 437 767 σύμφωνα
458 697 484 750 e'u
505 696 572 768 ἀρχῇ
592 697 710 752 τίθεσθαι
730 696 833 767 λέξεως,
854 696 876 749 el
896 695 930 765 μὴ
951 696 1015 764 μετὰ
1034 693 1121 767 euripi,
1143 693 1157 747 ὃ
1178 695 1233 766 lyei

82 815 139 846 τινα
159 794 299 862 οἰκειότητα
319 794 384 863 πρὸς
404 795 436 846 rd
457 793 597 863 φωνήεντα.
620 791 770 851 Theodos.
793 790 924 849 Gramm.
946 807 974 865 p.
991 792 1039 864 63,
1056 792 1092 847 26
1116 787 1232 867 (Goell-

82 889 152 964 ling.
168 908 197 964 p.
215 887 295 966 225),
316 892 345 944 τὸ
367 892 471 960 σμιλίον
492 890 591 963 Σμύρνα
613 893 653 945 καὶ
673 893 706 946 τὰ
726 890 825 946 τούτοις
845 891 920 960 ὅμοια
940 891 982 943 διὰ
1001 893 1047 944 τοῦ
1068 913 1087 944 o
1107 890 1234 962 γραπτέον

82 989 113 1041 οὐ
134 989 176 1042 διὰ
198 991 218 1054 ζ.
261 986 319 1043 Vbi
342 985 537 1062 Goettlingius
559 986 615 1044 ‘In
637 986 775 1045 Marmor.
797 985 958 1045 Oxoniens.
981 983 1101 1064 (XCVI.
1125 983 1157 1063 8)
1178 1004 1232 1062 pro

83 1091 90 1113 ‘
107 1086 253 1157 Σμυρναίων
267 1094 311 1142 est
325 1087 477 1157 Ζμυρνοίων.
522 1084 596 1142 Mihi
614 1085 687 1144 haec
705 1085 845 1160 scrIptura
859 1102 895 1142 ex
917 1083 1011 1142 forma
1032 1085 1153 1160 lyquam
1169 1094 1187 1140 Σ
1202 1085 1232 1143 in

83 1189 90 1213 ‘
105 1182 231 1257 antiquis
246 1182 439 1240 marmoribus
453 1182 541 1240 habet
556 1193 657 1241 exorta
671 1200 735 1241 esse
750 1180 878 1241 uidetur!
921 1181 1008 1240 Adde
1022 1181 1142 1241 Philem.
1159 1181 1231 1243 Lex.

81 1299 109 1355 p.
129 1298 185 1355 234
204 1277 342 1356 (Osann).
386 1279 453 1337 Hos
475 1280 558 1338 locos
578 1281 726 1356 congessit
747 1280 904 1339 Passouius
918 1298 964 1356 ap.
980 1279 1134 1339 Weichert.
1149 1281 1230 1340 Poet.

81 1376 176 1434 Latin.
192 1377 304 1453 Fragm.
321 1397 349 1453 p.
369 1390 434 1450 171.
477 1376 547 1453 Ipse
562 1387 659 1436 autem
679 1387 779 1437 censet
800 1377 923 1454 Philippi
933 1379 1125 1453 ‘temporibus
1140 1381 1230 1456 scrip·

80 1485 174 1533 turam
191 1486 237 1530 ΖΜ
253 1493 306 1549 pro
321 1485 367 1531 zur
389 1476 420 1533 in
441 1479 537 1546 Ζμῆνος
557 1478 664 1546 aptatio:
684 1485 712 1533 et
733 1476 874 1534 similibus
895 1475 1044 1533 uocabulis
1065 1476 1230 1555 inualuisse.

81 1572 172 1643 Quod
188 1573 225 1631 ad
240 1571 393 1631 Romanos
415 1573 524 1642 attinet,
541 1573 721 1650 Zmyrnam
743 1574 852 1632 habent
874 1574 975 1648 optimi
997 1573 1063 1633 cod.
1079 1574 1231 1636 Ciceronis

81 1671 153 1728 Phil.
166 1670 218 1728 XI.
233 1690 258 1741 2,
271 1689 325 1746 pro
340 1669 437 1742 uano
448 1671 501 1741 XI,
513 1671 677 1748 Zmyrnae
692 1671 895 1747 palimpsestus
906 1671 942 1729 de
955 1669 1031 1746 Rep.
1043 1670 1067 1731 I.
1079 1675 1098 1729 8
1110 1691 1127 1730 a
1137 1691 1176 1730 m.
1187 1693 1230 1750 pr.

80 1770 130 1826 ubi
153 1769 248 1826 Maius
270 1779 410 1844 conparat
432 1768 567 1827 Martian.
590 1769 699 1846 Capell.
716 1769 770 1827 III.
788 1783 844 1844 257
860 1768 889 1825 Z
900 1788 919 1827 a
936 1768 1055 1827 Graecis
1075 1772 1151 1828 uenit
1170 1771 1233 1830 licet

79 1866 160 1921 etiam
175 1866 331 1940 ipse'prr‘mo
348 1864 375 1924 C
391 1864 500 1925 Graeca
515 1867 684 1934 utebantur,·
706 1885 771 1923 uam
785 1864 899 1924 Sethum
919 1865 1044 1924 diceban!
1061 1886 1137 1942 quem
1157 1888 1231 1927 nuuc

80 1962 196 2019 Zethum
210 1964 307 2020 ducunt
314 1984 328 2030 ,·
347 1971 436 2021 tamen
450 1964 516 2021 haec
525 1966 667 2039 geurrnato
680 1962 716 2022 ab
730 1965 797 2037 iperi
810 1965 892 2021 ettam
906 1964 1029 2022 habetur.
1071 1965 1151 2024 Nam
1166 1987 1184 2024 a
1204 1966 1235 2024 Τ

78 2069 105 2117 et
122 2059 333 2136 Comparantur,
353 2081 435 2136 quam
456 2069 488 2119 ut
506 2063 636 2121 aduertas
653 2062 782 2137 duplicem
803 2080 943 2135 nunquam
959 2064 1064 2136 peterit
1076 2067 1228 2139 gemmant.

79 2158 160 2215 Haec
178 2161 361 2233 praeponitur
382 2157 425 2215 M
443 2160 539 2216 literae
562 2166 594 2216 ut
618 2159 769 2233 Zmyrna.
813 2158 1038 2217 Zmurnaeum
1063 2170 1095 2218 ut
1116 2162 1230 2222 uidetur

81 2254 155 2314 Cato
179 2256 213 2313 R.
238 2255 274 2315 R.
300 2275 365 2327 102,
392 2257 560 2316 Zmurnae
584 2256 679 2315 Varro
701 2256 738 2316 R.
760 2255 796 2312 R.
820 2255 843 2313 I.
868 2269 893 2329 7.
916 2258 944 2326 6,
968 2256 1132 2333 Zmyrnae
1153 2277 1230 2319 unus

79 2354 176 2412 codex
192 2354 312 2412 Suetoni
328 2355 364 2413 de
381 2354 512 2413 Gramm.
524 2354 613 2412 Illust.
625 2353 676 2424 VI,
694 2353 858 2429 Zmyrnae
874 2352 1016 2429 Zmyrna
1031 2352 1068 2431 (h.
1075 2373 1102 2415 e.
1115 2356 1228 2417 Cinnae

79 2448 198 2529 poema)
214 2452 251 2509 ib.
266 2451 371 2509 XVIII
390 2449 448 2529 (ed.
467 2447 697 2525 Reifferscheid),
714 2450 868 2507 Zmirnal
887 2450 982 2508 codex
1004 2450 1228 2529 Bambergensis

81 2548 252 2619 Quintiliani
268 2548 321 2607 IX.
341 2569 366 2607 2.
384 2553 431 2621 64,
448 2550 593 2626 Zmyrna
614 2549 796 2623 Zmyrnaei
818 2546 970 2606 Mediceus
992 2548 1064 2608 Tac.
1080 2550 1157 2610 Anu.
1172 2552 1228 2611 111.

81 2648 129 2720 63,
145 2646 196 2703 IV.
214 2666 260 2720 43,
278 2661 324 2721 55,
341 2649 378 2721 56
388 2668 396 2720 ;
418 2658 447 2705 et
467 2649 509 2706 sic
531 2647 639 2705 Plinius
662 2645 761 2722 Silligii
782 2663 951 2721 quanquam
969 2648 1080 2705 uariant
1101 2649 1229 2709 codices.

80 2744 237 2802 Zmirnae
274 2745 369 2803 codex
404 2745 599 2821 Frisingensis
635 2745 746 2820 Hygini
773 2743 844 2801 Fab.
873 2742 978 2815 CCLI,
1004 2745 1055 2803 sed
1085 2745 1228 2823 Smyrna

80 2840 246 2916 Smyrnae
281 2842 353 2900 Fab.
381 2841 483 2900 LVIII
515 2841 658 2917 Smyrna
693 2839 842 2912 CCXLII,
878 2839 1057 2902 Zmirneos
1092 2843 1228 2904 ZmIrna

80 2939 196 2997 Solinus
226 2958 265 3011 40
293 2939 333 3018 (p.
366 2943 431 3013 187,
464 2958 488 3011 1,
513 2959 530 3012 4
557 2940 602 2998 ed.
629 2938 828 3016 Mommsen).
882 2937 1009 2997 Romani
1039 2940 1228 3002 Grammatici

79 3037 255 3112 Smyrnam
277 3038 375 3113 potius
397 3038 546 3113 scripsisse
567 3036 710 3095 uidentur.
751 3035 840 3094 Prisc.
856 3035 879 3093 I.
895 3055 924 3112 p.
941 3055 977 3112 ²3
994 3037 1060 3096 Keil
1080 3038 1149 3098 Sola
1162 3041 1229 3099 naec

77 3136 247 3192 scmruocalr's
254 3142 320 3209 post
332 3134 358 3193 S
364 3137 480 3210 ponetur
493 3135 568 3210 quod
579 3140 719 3192 mutarum
735 3139 776 3191 est
794 3139 828 3191 ut
846 3133 995 3211 Smyrna,
1017 3139 1227 3215 smaragdus.

79 3233 102 3290 I.
125 3252 153 3307 p.
176 3251 210 3304 41
235 3233 303 3291 Keil
324 3232 361 3290 Iu
386 3234 593 3291 senreuocale'lus
616 3234 744 3290 semeleter
762 3240 829 3291 suut
847 3235 921 3291 aleae
937 3238 1139 3311 praepose'tz'uae
1160 3240 1228 3296 attii·

76 3330 284 3388 semruocalibus
305 3332 335 3388 in
355 3333 445 3388 eodem
464 3331 569 3404 syllaba
583 3339 615 3388 ut
627 3350 653 3388 m
667 3337 788 3406 sequente
801 3351 828 3401 n,
843 3339 875 3390 ut
887 3330 1089 3392 Mnestheus
1109 3337 1227 3408 amnis,

76 3448 91 3484 s
105 3447 207 3503 quaque
218 3439 375 3503 sequentem
386 3440 420 3487 ut
436 3428 577 3504 Smyrna
591 3429 799 3505 smaragdus,
815 3449 880 3487 nam
894 3431 1227 3508 ur'triemfacr'uutqutsm

75 3526 203 3583 scribunt
210 3545 220 3582 .·
241 3545 388 3600 numquam
403 3529 473 3584 enam
488 3528 592 3602 duplex
606 3528 636 3584 in
650 3527 735 3602 capite
749 3525 978 3601 syllabae-ponta
993 3534 1082 3602 potest
1093 3547 1153 3586 cum
1168 3530 1227 3587 alra

78 3625 162 3700 iurgi
172 3630 338 3682 consonante.
379 3623 469 3699 Apud
483 3624 647 3683 CharIsium
661 3625 774 3683 uariant
787 3624 850 3682 libri
865 3624 888 3682 I.
904 3643 933 3700 p.
949 3644 987 3699 93
1004 3624 1069 3683 Keil
1086 3625 1181 3685 Genua
1195 3629 1226 3685 e'u

79 3722 223 3797 Zmyrna
233 3722 320 3778 hunus
328 3720 401 3778 tabis
411 3722 489 3778 demit
498 3722 573 3778 nullo
583 3729 699 3780 auctore.
722 3720 745 3779 Ι.
756 3738 784 3797 p.
794 3736 849 3795 145
860 3721 927 3781 Keil
939 3721 1038 3781 Huries
1048 3722 1121 3780 tobr's
1131 3723 1226 3783 Cinna

76 3821 107 3875 in
124 3818 264 3895 Smyrna
278 3821 365 3878 tenet.
396 3822 568 3893 Ζμορνοίων
581 3820 610 3878 in
625 3821 721 3878 numis
736 3820 850 3896 saepius
864 3822 984 3879 inueniri
999 3831 1118 3880 testatur
1133 3820 1226 3898 Span-

77 3916 190 3974 hemius
206 3917 241 3974 de
257 3918 433 3977 Praestantia
448 3929 476 3975 et
491 3917 555 3976 Vsu
570 3918 659 3977 Num.
675 3921 698 3979 1.
714 3923 781 3981 116.
823 3920 942 3996 [egitur
955 3920 1041 3977 etiam
1059 3919 1089 3977 in
1104 3921 1225 3997 iuscrip-

77 4015 204 4073 tionibus
233 4015 348 4073 Gruteri
374 4014 535 4075 CCCXIV.
567 4035 591 4087 1,
618 4015 774 4078 Chandleri
806 4018 911 4076 Marm.
937 4015 1034 4075 Oxon.
1061 4017 1169 4076 XCVI.
1197 4022 1224 4090 8,

76 4110 886 4190 Boeckhii3203.7,3211.6,3270.8,3286.10,
910 4117 1055 4190 3289.9,
1078 4133 1225 4192 3311.9,

77 4208 257 4270 Mommsen.
273 4209 307 4268 C.
322 4211 346 4269 1.
362 4208 398 4270 R.
415 4210 454 4269 N.
473 4217 548 4286 1798
565 4212 712 4270 Zmurna
730 4228 816 4286 1250.

109 4371 118 4400 ¹
136 4374 163 4419 In
175 4373 205 4422 X.
216 4390 240 4437 4
252 4390 268 4436 4
279 4375 425 4434 Smyrnam
440 4375 549 4424 exhibent
561 4378 647 4424 Halmii
661 4378 810 4438 antiquissimi
821 4378 868 4425 duo
882 4379 973 4425 codices
987 4377 1106 4424 Bemends
1119 4386 1143 4424 et
1155 4380 1225 4427 Bam-

76 4456 200 4518 bergensis.
