2872 5002
705 365 921 431 EXCVRSVS

557 565 772 627 EXCVRSVS
794 568 831 628 ad
854 567 1014 628 XXXVII.
1034 574 1079 628 18.

445 733 499 792 Tu
520 743 656 809 praeter
677 750 794 792 ornnes
814 749 880 791 une
902 733 942 793 de
964 736 1142 811 capillatis

445 830 685 891 Cuniculosae
706 830 920 891 Celtiberiae
941 832 1002 891 fili.

283 996 350 1057 Hos
364 997 439 1057 duos
453 1016 554 1058 uersus
568 999 733 1058 Priscianus
747 999 793 1057 bis
808 997 1052 1058 commemorauit
1067 997 1138 1057 Inst.
1152 997 1192 1054 V.
1204 1011 1253 1072 77,
1268 998 1340 1057 VII.
1352 1016 1395 1056 rr.

243 1099 250 1126 ‘
264 1094 426 1171 Vtrobique
440 1096 505 1154 libri
519 1097 549 1154 in
563 1096 621 1156 hoc
635 1097 707 1154 uitio
722 1096 892 1171 conspirant

547 1228 782 1289 Celtiberosae
804 1226 1012 1286 Celtiberiae
1033 1226 1084 1285 lili

241 1396 249 1423 ⁴
265 1405 314 1452 aut
325 1394 354 1451 in
366 1395 480 1453 mendis
492 1394 597 1472 quibus
607 1394 703 1470 ipsum
712 1394 781 1452 illud
793 1391 990 1452 Celtiberosae
1002 1391 1127 1469 amplius
1138 1389 1333 1469 deprauatum
1344 1403 1394 1452 est

241 1495 249 1522 ‘
266 1490 324 1548 Sed
333 1491 427 1549 codex
438 1491 697 1551 Darmstadiensis¹
713 1492 829 1551 saeculo
840 1491 900 1548 XII
913 1491 1106 1566 scriptusque
1118 1489 1259 1550 Hertzius
1270 1509 1342 1550 usus
1352 1503 1394 1550 est

242 1592 250 1618 ‘
265 1588 418 1665 utrobique
428 1586 604 1664 (secundum
616 1590 711 1664 ipsum
726 1590 756 1646 ln
770 1588 858 1646 Keilii
874 1588 1034 1646 Grammat.
1046 1587 1103 1645 III.
1118 1606 1146 1663 p.
1163 1591 1221 1646 188
1233 1589 1265 1646 in
1277 1588 1346 1647 Vll.
1357 1607 1391 1647 ar

242 1688 249 1713 ‘
264 1683 482 1762 tantummodo)
497 1684 729 1744 Cuniculos'ae
740 1686 868 1760 praebet.
891 1685 990 1756 Quare
1000 1684 1161 1761 putandum
1173 1696 1219 1744 est
1230 1698 1283 1744 aut
1294 1704 1393 1744 uemm

242 1785 249 1812 ‘
263 1782 440 1840 uocabulum
454 1801 547 1858 usque
561 1783 599 1840 ad
613 1782 691 1841 bunc
705 1782 809 1841 libmm
832 1782 986 1841 deuenIsse
1007 1801 1044 1840 ex
1064 1783 1217 1858 antiquore
1234 1783 1393 1859 exemplari

241 1884 249 1909 ‘
264 1898 352 1957 quam
368 1899 403 1938 ex
418 1897 478 1956 quo
498 1881 586 1939 ceteri
607 1881 670 1938 libri
692 1900 796 1940 omnes
811 1881 928 1939 deducti
949 1891 1016 1940 sunt
1030 1891 1079 1938 aut
1093 1881 1181 1940 fuisse
1196 1881 1318 1941 saeculo
1333 1880 1391 1940 XII

241 1978 309 2036 ‘uel
331 1977 429 2054 paullo
451 1989 536 2038 antea
557 1998 618 2037 non
632 1980 784 2038 indoctum
798 1978 949 2037 hominem
964 1979 1013 2055 qui
1029 1996 1103 2055 quae
1118 1978 1288 2038 Priscianus
1303 1979 1392 2038 attulit

240 2080 331 2135 ‘cum
347 2077 574 2136 Catullianorum
589 2080 751 2137 carminum
765 2079 863 2155 aliquo
878 2077 1055 2153 exemplari²
1070 2078 1272 2153 compararet!
1309 2077 1391 2136 Haec

240 2173 388 2251 Hauptius
402 2178 431 2233 in
448 2175 558 2234 Herme
574 2176 597 2235 I.
613 2192 661 2251 45,
676 2195 765 2253 quam
779 2195 846 2236 uere
867 2194 989 2253 possum
1011 2176 1048 2235 de
1070 2193 1138 2234 meo
1160 2177 1271 2235 testari.
1315 2175 1390 2234 Nam

238 2291 276 2331 er
296 2273 461 2350 quindecim
482 2275 633 2333 codicibus
654 2274 791 2332 Prisciani
813 2292 887 2349 quos
907 2284 957 2332 aut
978 2273 1041 2349 ipse
1064 2273 1178 2348 inspexi
1200 2285 1251 2332 aut
1273 2275 1311 2331 ab
1332 2275 1391 2333 aliis

239 2375 337 2432 curaui
356 2373 561 2448 inspiciendos,
577 2375 810 2450 quattuordecim
831 2375 939 2433 babent
954 2373 1193 2432 Celtiberosae
1215 2375 1246 2432 in
1270 2387 1389 2452 utroque

239 2472 314 2541 loc0,
335 2489 412 2529 unus
434 2470 530 2550 (Bodl.
557 2470 625 2551 160)
647 2474 677 2530 in
694 2473 762 2532 VII.
780 2494 815 2531 22
839 2473 889 2551 qui
910 2473 990 2532 solus
1011 2491 1048 2530 ex
1070 2472 1187 2532 duobus
1208 2473 1283 2532 locis
1304 2475 1335 2533 in
1355 2490 1390 2531 eo

239 2582 376 2628 seruatur.
420 2569 567 2664 Errscripsi
582 2589 683 2630 uersus
696 2582 728 2629 ut
742 2573 771 2629 in
785 2570 831 2631 his
845 2573 996 2630 codicibus
1010 2572 1130 2630 uariant.

320 2667 418 2808 bladii
431 2769 485 2824 132
530 2750 578 2807 Tu
592 2759 704 2825 praeter
718 2769 822 2809 omnes
837 2769 893 2809 une
909 2750 944 2809 de
960 2717 1103 2827 bapillatis

320 2847 421 2923 Illagd.
454 2864 487 2922 17
837 2868 894 2908 une
909 2850 946 2908 de
961 2849 1133 2926 capitullatIs

321 2945 483 3019 Harl6501
531 2946 579 3005 Tu
593 2957 675 3023 pater
689 2951 755 3006 offis
842 2967 898 3006 une
962 2947 1142 3024 decapellati'

322 3042 490 3118 Harl.2775
534 3045 584 3102 Tu
598 3041 630 3119 pt
644 3046 710 3103 oms
844 3064 900 3103 une
963 3044 1142 3123 decapellati’
1159 3049 1319 3110 interiectis

321 3182 402 3239 Harl.
415 3185 490 3256 2674
534 3183 583 3241 Tu
595 3181 726 3261 (rasura)
735 3187 833 3259 fitonis
843 3202 898 3242 une
961 3141 1164 3260 decapiiiiiiitis

321 3282 402 3339 Harl.
416 3285 492 3355 2673
732 3284 807 3341 omis

321 3381 398 3440 Add.
418 3383 514 3437 12018
972 3382 1141 3457 decapillate

523 3529 701 3590 Celtiberose
717 3531 870 3592 Celtiberie
885 3532 924 3590 fili

320 3631 401 3689 Harl.
417 3635 493 3704 6501
885 3631 933 3689 filii

319 3729 407 3788 Burn.
426 3733 482 3804 236
729 3728 883 3788 Celtiberie
897 3751 948 3788 om.

278 3865 313 3922 In
342 3863 411 3921 Vll.
439 3884 474 3922 22
505 3882 566 3922 non
595 3865 707 3922 uariant
735 3865 791 3923 nisi
815 3865 895 3941 quod
924 3865 1056 3923 nonnulli
1079 3866 1190 3924 habent
1213 3863 1316 3944 p‘ater
1340 3885 1386 3946 pro

235 3973 378 4038 praeter,
393 3961 569 4020 Exoniensis
584 3960 627 4018 IV
643 3961 816 4021 Celtibero
831 3982 874 4022 se.

277 4059 438 4130 Quomodo
453 4060 538 4134 Igitur
552 4061 648 4118 euenit
663 4072 694 4118 ut
708 4078 762 4136 pro
782 4060 1016 4119 Cuniculosae
1037 4059 1117 4137 quod
1138 4072 1220 4122 recte
1243 4076 1385 4123 seruatum

268 4257 276 4286 ¹
294 4259 339 4305 Hic
350 4257 423 4304 codex
435 4273 503 4318 quem
521 4260 628 4307 Hertaius
642 4262 741 4325 signauit
754 4262 906 4317 Darmstad.⁰‚
920 4260 1046 4308 Bebrensio
1060 4269 1119 4308 teste
1136 4261 1274 4326 Prolegom.
1288 4281 1311 4326 p.
1324 4267 1386 4323 xliia

233 4349 267 4388 est
280 4343 318 4400 qui
331 4340 472 4388 Colonienais
486 4353 531 4389 202
544 4358 603 4392 saec.
615 4343 648 4391 Xl
660 4345 734 4391 uerius
746 4344 893 4406 appellandus
905 4352 954 4390 erat
967 4343 1142 4404 (Wattenbacb.
1154 4345 1233 4394 Cetrl.
1246 4363 1270 4408 p.
1284 4349 1339 4411 87).

266 4421 276 4450 ²
293 4422 379 4468 Eadem
397 4431 431 4469 est
448 4423 564 4472 Behrensii
584 4427 664 4488 opinio
681 4428 813 4491 Prolegom.
830 4442 853 4488 p.
866 4427 897 4473 xli
915 4427 954 4486 qui
973 4427 1140 4474 Coloniensem
1156 4429 1265 4478 codicem
1285 4430 1386 4480 Priscirni

231 4506 344 4555 Coloniae
357 4506 473 4567 scriptum,
485 4517 509 4556 et
521 4524 574 4556 cum
586 4510 665 4557 codice
677 4509 761 4558 catulli
774 4512 797 4557 in
809 4510 887 4572 BelgIa
899 4509 1011 4556 collatum
1024 4510 1090 4556 fuisse
1102 4510 1198 4559 conicit.
