2872 5002
516 327 572 386 AD
594 310 702 400 cxrv,
726 328 818 390 cxv.

438 539 654 599 Excvnsvs
676 541 714 600 au
735 540 829 600 cvn.
847 561 873 616 3.

120 669 245 727 Versum
261 669 369 728 Munro
384 670 426 728 sic
441 669 591 745 distinguit
606 687 634 744 p.
653 683 708 742 217

160 791 272 863 Quare
294 791 358 850 hoc
379 802 429 851 est
450 803 582 868 gratum
604 793 704 850 nobis
726 793 1016 869 quoque-carius
1038 812 1128 853 auro.
1171 816 1274 889 omae)

471 972 686 1032 EXCVRSVS
709 974 745 1032 ad
768 973 832 1033 CX.

120 1103 175 1162 Vu.
194 1125 220 1179 3,
237 1128 254 1176 4
271 1106 311 1163 sic
326 1105 423 1164 scribit
438 1105 546 1165 Munro
561 1126 589 1184 p.
609 1110 666 1164 218

201 1226 261 1297 Tu,
283 1229 470 1303 promisisti
493 1229 574 1286 mihi
595 1229 687 1306 quod
708 1231 858 1301 mentita,
880 1230 1020 1290 inimica
1039 1248 1092 1290 es:

242 1325 343 1397 Quod
364 1344 427 1385 nec
449 1327 509 1385 das
530 1337 562 1384 et
583 1327 651 1386 iers
673 1346 783 1404 saepe,
805 1328 891 1388 facis
912 1329 1053 1388 lacinus.

79 1453 86 1478 ‘
100 1465 168 1523 you,
183 1448 213 1505 in
228 1447 334 1524 having
348 1448 434 1506 made
449 1459 479 1507 to
494 1466 542 1506 me
556 1447 674 1524 seigned
692 1461 913 1526 engagements‚
927 1470 976 1510 are
991 1450 1154 1527 nntriendly
1169 1451 1228 1510 and

78 1545 189 1602 unfair:
211 1546 241 1601 in
255 1555 307 1604 not
321 1547 457 1621 granting
471 1563 545 1621 your
559 1545 674 1604 favours
696 1547 754 1604 and
775 1557 824 1623 yet
845 1547 946 1624 taking
967 1566 1076 1625 money
1089 1548 1135 1607 for
1148 1547 1228 1607 them

78 1645 165 1720 again
180 1645 237 1703 and
253 1645 347 1719 again,
362 1662 422 1720 you
436 1662 485 1702 are
500 1644 591 1719 guilty
605 1642 640 1702 ol
651 1663 669 1702 a
683 1644 789 1703 crime!

120 1740 177 1798 Vu.
193 1743 221 1812 6,
238 1755 253 1815 7
270 1743 329 1800 sic:

548 1822 607 1882 sed
629 1823 707 1882 data
728 1824 902 1900 corripere

160 1919 364 1979 Fraudando
386 1930 437 1980 est
458 1920 653 1997 furis—plus
675 1940 776 1998 quam
795 1924 987 1983 meretricis
1008 1923 1145 1993 amicae,

201 2019 296 2090 Quae
318 2037 393 2077 sese
415 2029 489 2077 toto
511 2036 655 2095 corpore
676 2020 860 2095 prostituit.

79 2148 86 2172 ‘
100 2143 152 2199 but
166 2151 196 2200 to
210 2153 260 2218 get
274 2143 343 2202 hold
362 2143 396 2201 oi
406 2144 483 2202 what
504 2144 528 2201 is
550 2144 689 2203 tendered
704 2145 743 2219 by
757 2145 882 2221 robbery
896 2145 955 2204 and
977 2145 1114 2220 cheating
1133 2145 1159 2203 is
1180 2142 1228 2202 the

76 2240 205 2297 conduct
228 2239 263 2298 of
283 2259 300 2297 a
322 2238 510 2315 thief,-yes‚
535 2258 628 2298 worse
654 2241 724 2299 than
745 2240 793 2299 the
817 2240 976 2301 behaviour
997 2243 1067 2300 ola
1087 2242 1228 2318 grasping

76 2346 219 2412 strumpet
233 2334 299 2395 who
313 2337 406 2413 yields
421 2348 452 2395 to
467 2355 551 2411 every
566 2336 691 2394 formos
701 2335 908 2413 degradation!

394 2532 609 2593 EXCVRSVS
631 2533 669 2593 ad
690 2534 800 2605 CXIV,
815 2533 907 2593 CXV.

117 2662 283 2739 Disputauit
297 2662 333 2720 de
347 2663 393 2721 his
408 2663 517 2722 Munro
533 2682 582 2739 pp.
597 2678 745 2738 aar-227.
769 2662 827 2721 Hic
842 2665 873 2721 in
885 2662 994 2723 CXIV.
1007 2665 1025 2722 6
1040 2664 1110 2722 dum
1125 2665 1228 2724 modo

74 2760 149 2835 ipse
172 2771 272 2835 egeat
293 2762 334 2818 sic
356 2769 452 2819 tuetur
472 2770 503 2818 ut
526 2761 628 2819 modo
646 2779 700 2836 pro
715 2760 841 2818 ablatiuo
863 2761 975 2832 habeat,
991 2761 1113 2819 modum
1130 2771 1228 2820 autem

75 2858 184 2934 duplici
206 2858 414 2933 significatione
440 2858 552 2917 dictum
575 2870 656 2935 putet
684 2856 730 2937 (1)
758 2859 795 2917 de
823 2876 960 2917 mensura
988 2859 1069 2919 fundi
1093 2870 1125 2918 ut
1149 2858 1229 2936 apud

75 2953 262 3013 Gromaticos
277 2965 305 3012 et
319 2955 401 3013 Varr.
418 2955 454 3013 R.
471 2954 506 3013 R.
518 2956 541 3013 I.
563 2975 607 3025 11,
623 2954 669 3033 (2)
684 2957 720 3014 de
735 2956 880 3014 modestia
893 2957 940 3014 uel
955 2957 1156 3016 moderatione
1170 2974 1229 3032 qua

75 3052 137 3126 ipse
150 3050 281 3109 Mentula
291 3052 414 3110 carebat.
436 3052 492 3109 Pro
506 3052 635 3111 Marcell.
647 3052 671 3110 I.
685 3072 697 3111 r
711 3059 818 3110 tantum
834 3053 863 3110 in
877 3072 985 3111 summa
995 3061 1123 3129 potestate
1133 3073 1227 3111 rerum

75 3151 194 3206 ommim
215 3151 322 3206 modum
338 3194 344 3207 .
361 3192 368 3207 .
384 3152 556 3224 ,praeterire
578 3150 654 3207 nullo
675 3151 751 3208 ntodo
765 3160 886 3226 possum,
910 3149 985 3209 Hor.
1009 3150 1037 3210 S.
1061 3152 1101 3210 II.
1125 3170 1152 3226 3.
1169 3153 1227 3225 265

75 3265 145 3320 quae
159 3265 204 3303 res
219 3246 279 3305 Nec
292 3248 399 3304 modum
413 3246 496 3305 hobel
508 3266 556 3304 nec
576 3247 721 3304 consilium
743 3248 850 3305 ratr'one
869 3248 997 3324 modoque
1018 3246 1050 3306 Τ
1045 3251 1158 3306 ructari
1174 3267 1229 3307 non

75 3344 144 3400 uult.
187 3342 260 3401 Mox
282 3344 312 3401 in
334 3343 427 3404 CXV.
453 3363 464 3401 r
486 3344 611 3402 coniecit
633 3345 725 3403 tonsi
746 3362 799 3420 pro
820 3345 937 3416 instar,
962 3364 977 3401 a
1001 3346 1152 3403 nemoris
1173 3362 1227 3421 pro

76 3442 188 3512 maria,
208 3461 225 3513 4
245 3441 314 3500 Tot
329 3442 386 3518 qui
406 3443 440 3499 in
462 3442 550 3501 saltu
563 3459 632 3500 uno
646 3442 828 3501 commoda
842 3441 1029 3519 possideat,
1046 3456 1061 3516 7
1077 3451 1112 3499 ut
1126 3459 1160 3499 re
1174 3459 1228 3517 pro

76 3539 178 3611 ultor,
194 3543 259 3616 ‘yet
270 3540 307 3598 he
322 3539 441 3599 himself
451 3540 476 3599 is
490 3549 617 3616 greatest
631 3539 666 3598 of
675 3540 722 3612 all,
734 3540 824 3616 being
838 3559 871 3599 as
885 3540 921 3598 he
936 3540 961 3597 is
975 3540 1005 3596 in
1021 3539 1079 3598 fact
1093 3557 1133 3597 no
1148 3557 1227 3609 man,

75 3637 186 3694 but-.'

120 3734 160 3792 V.
185 3754 202 3806 4
224 3735 281 3793 iam
304 3745 371 3793 ante
393 3733 573 3794 Munronem
601 3734 740 3812 Peiperus
759 3735 801 3795 sic
822 3735 991 3795 emendarat
1012 3730 1067 3811 (Q.
1096 3733 1230 3792 Valerius

75 3831 206 3889 Catullus
220 3850 247 3907 p.
260 3829 321 3909 62.)
342 3832 412 3889 Tot
425 3833 483 3907 qui
498 3850 565 3891 uno
584 3833 617 3890 in
639 3833 727 3892 saltu
742 3834 921 3892 commoda
936 3831 1122 3908 possideat.
1145 3831 1229 3889 Pleit-

74 3947 162 3987 nerus
191 3928 326 4007 (Studien
347 3948 396 4006 pp.
420 3932 467 4002 64,
490 3928 522 4009 5)
543 3930 613 3989 illud
637 3931 708 3990 mihi
733 3931 847 3990 uidetur
868 3948 937 3988 uere
961 3930 991 3986 in
1017 3929 1228 3987 dubitationem

74 4044 190 4097 uocare,
208 4028 282 4086 sitne
297 4029 327 4084 in
342 4027 452 4086 CXIV.
480 4048 498 4100 4
521 4029 678 4105 legendum
701 4029 832 4088 fructus
851 4028 1044 4102 sumptibus
1066 4038 1230 4103 exuperat

75 4141 114 4182 an
133 4123 215 4199 quod
237 4123 324 4182 habet
344 4124 478 4184 Datanus
500 4136 655 4202 sumptus
677 4126 844 4184 fructibus
865 4142 889 4182 e.
923 4124 962 4182 Et
983 4123 1143 4183 Pleitnerus
1164 4125 1228 4200 qui·

39 4206 41 4210 Α
75 4220 144 4279 dem
163 4220 236 4280 Nec
255 4223 447 4299 quicquam,
468 4223 549 4299 quod
574 4234 603 4281 et
627 4225 723 4300 ipsum
748 4224 843 4282 estin
864 4221 991 4288 Datano,
1010 4222 1130 4280 retinet:
1157 4223 1227 4281 mihi

75 4317 126 4377 Ne
155 4320 337 4395 quicquam
361 4330 443 4379 extra
466 4320 546 4379 litem
567 4323 695 4397 positum
720 4321 847 4379 uideturt
875 4319 957 4396 quod
981 4338 1049 4378 cum
1071 4331 1228 4395 sumptus

74 4416 243 4477 fructibus
271 4428 436 4495 exuperat
464 4419 653 4478 coniunctum
685 4419 727 4478 sie
757 4419 940 4495 interpretor.
982 4419 1068 4478 Adeo
1099 4419 1228 4479 abundat
