2872 5002
559 322 617 381 AD
645 322 803 381 XXXVII.
829 342 874 382 10.
1233 329 1290 383 323

139 498 168 546 et
183 506 201 545 a
217 487 339 546 Platone
354 497 415 546 eta
430 487 546 546 Catullo
568 487 733 563 significari,
748 496 777 546 et
791 488 833 546 sic
847 487 884 546 de
899 487 1020 548 Platone
1041 488 1204 547 iudicarunt
1217 487 1292 549 Ges·

138 604 227 643 nerus
242 586 272 642 in
291 585 419 661 Aquatil.
441 603 464 643 s.
478 603 506 643 u.
530 584 661 661 Scorpio,
685 585 976 661 Schweighaeuserus
998 586 1077 661 apud
1098 585 1290 659 Athenaeum,

138 682 265 741 Vossius
284 682 322 741 ad
340 681 403 740 Cat.
418 681 483 739 XV.
504 701 549 757 19.
592 682 650 740 Sed
673 684 790 741 obstant
810 681 890 740 haec.
934 683 1022 759 Apud
1043 683 1228 743 Athenaeum
1249 685 1291 743 sic

138 780 243 856 legitur
257 779 309 837 VI.
327 782 394 851 246.
437 781 622 852 ’Λριστόδημος
643 784 741 852 ίστορεῐ
762 782 839 836 Βίθυν
858 782 903 835 τόν
923 783 1074 852 Λυσιμάχου
1094 785 1140 836 τοῦ
1160 783 1292 847 βασίλεως

139 882 286 950 παράσιτον
310 879 364 933 ἐπεὶ
383 880 462 932 uiros)
482 877 518 934 είς
538 881 568 932 τό
594 880 691 945 ίμάτιον
711 882 726 932 ό
747 879 897 950 Λυσίμαχος
917 878 1023 941 ε’νίβαλε
1044 879 1148 946 ξυλινδν
1167 878 1292 952 σκορπίον

139 975 326 1049 ίκταραχθίιτα
342 976 509 1045 ἀναπηδῆσαι.
551 973 594 1031 Ib.
611 973 694 1032 XIV.
711 976 769 1046 614
785 976 934 1050 Φιλοηελως
954 975 979 1029 δ’
1002 974 1032 1044 ῆν
1052 979 1093 1030 καὶ
1113 975 1256 1047 Δημῆτριος
1276 981 1291 1032 ό

140 1074 322 1147 Πολιορκητής,
345 1077 379 1130 ὣς
400 1077 469 1146 φησι
491 1073 627 1147 Φύλαρχος
648 1075 677 1128 ε“ν
701 1079 732 1143 τῇ
756 1075 814 1144 ἕκτη
836 1079 887 1129 τῶν
905 1072 1050 1148 Ἰστοριῶν·
1080 1074 1107 1131 ὅς
1128 1098 1159 1147 γε
1183 1076 1224 1130 καί
1245 1077 1292 1146 τῆν

140 1174 294 1244 Λυσιμάχου
321 1172 401 1242 αάλῆν
422 1174 529 1241 κωμικῆς
552 1175 646 1242 σκηνῆς
667 1174 740 1229 οὐδὲν
764 1172 895 1245 διαφέρειν
915 1174 1013 1244 ἔλεγεν.
1055 1173 1146 1244 ι’ξείναι
1172 1174 1223 1247 γάρ
1247 1173 1290 1229 άπ’

140 1272 217 1339 αὐτῆς
240 1272 336 1327 πάντας
359 1272 543 1342 δισυλλάβους,
566 1273 610 1326 τόν
630 1295 658 1327 τε
680 1271 757 1327 Βίθυν
776 1271 908 1343 χλευάζων
927 1272 968 1326 καλ
987 1273 1032 1326 τόν
1052 1272 1135 1343 Πάριν
1153 1272 1291 1344 μεγίστους

140 1367 217 1425 ὄντας
230 1371 299 1438 παρὰ
312 1373 348 1443 τῷ
364 1370 504 1445 Λυσιμάχῳ
518 1369 559 1423 καί
574 1392 643 1426 τινας
663 1370 763 1442 ε’τίρους
783 1374 835 1422 τῶν
854 1370 949 1441 φίλων,
963 1370 1032 1442 παρὰ
1053 1370 1079 1424 δ’
1098 1369 1177 1424 αὑτοῦ
1196 1369 1291 1424 Πευκί·

141 1487 207 1523 στας
225 1469 266 1520 καί
286 1469 430 1523 Μενελάους
450 1468 488 1521 ἔτι
509 1467 536 1522 δὲ
557 1467 732 1539 Ὀξυθέμιδας.
772 1471 856 1521 Ταῦτα
871 1466 896 1522 δ’
910 1465 1008 1522 άκοάων
1021 1471 1036 1521 ό
1051 1468 1213 1539 Λυσίμαχος·
1240 1468 1291 1541 ε’γίυ

140 1563 234 1632 τοίνυν,
256 1565 316 1635 ἔφη,
334 1567 430 1637 πόρνην
449 1565 477 1619 ἐκ
497 1567 617 1638 τραγικῆς
638 1568 732 1634 σκηνῆς
751 1566 799 1637 οὐχ
820 1567 917 1637 ε’άρακα
937 1564 1065 1633 ἐξιοῦσαν·
1087 1566 1133 1634 τῆν
1153 1564 1292 1637 αὐλητρίδα

141 1662 240 1731 Λαμίαν
259 1661 351 1735 λέγων.
392 1661 612 1736 ’Λπαγγελόίντος
633 1664 660 1718 δὲ
682 1666 723 1718 καί
743 1662 836 1718 τούτου
856 1666 934 1718 πάλιν
956 1664 1095 1729 ὑπολαβὼν
1115 1665 1129 1717 ό
1151 1661 1292 1734 Δημῆτριος

140 1759 200 1831 ίφη,
214 1758 282 1813 Ἀλλ’
301 1759 316 1828 ri
336 1757 395 1831 παρ’
417 1760 472 1830 ε’μοὶ
493 1764 573 1832 πόρνη
594 1760 811 1834 σωφρονέστερον
829 1763 874 1830 τῆς
893 1759 953 1833 παρ’
975 1761 1060 1835 ε’κείνιμ
1080 1762 1231 1829 Πηνελόπης
1252 1762 1291 1827 ζῆ.

141 1854 242 1931 Bithys
256 1855 390 1915 uidelicet
404 1875 473 1915 cum
488 1868 564 1916 esset
579 1875 616 1915 ex
630 1859 739 1916 intimis
754 1856 918 1934 Lysimachi
940 1866 967 1915 et
989 1867 1120 1933 stuprum
1141 1874 1209 1914 cum
1230 1857 1292 1917 eius

143 1953 272 2012 adultera
293 1972 383 2014 uxore
406 1954 528 2028 lecisset,
544 1954 737 2032 Lysimachus
759 1956 785 2013 ei
806 1971 935 2031 poenam
957 1972 1007 2030 per
1021 1954 1110 2030 lignei
1132 1955 1293 2031 scorpionis

139 2050 299 2126 imaginem
327 2053 474 2112 minitatus
502 2064 554 2112 est.
604 2053 750 2130 Ligneum
779 2053 858 2111 enirn
884 2054 1070 2130 scorpionem
1094 2070 1157 2111 non
1181 2053 1292 2129 piscem

141 2147 231 2208 luisse
246 2160 273 2209 et
288 2168 324 2208 ex
339 2151 499 2226 prouerbiis
514 2162 633 2228 apparet
648 2151 815 2210 huiusmodi
831 2149 950 2230 (Athen.
965 2150 1032 2210 XV.
1048 2147 1119 2229 695)

304 2299 368 2356 Ὑπὸ
388 2303 464 2356 πάντι
484 2302 549 2377 λίθῳ
570 2303 701 2375 σκορπίος,
724 2299 844 2372 δ’ταίρ’,
866 2300 1009 2356 ὑποδύεται.

304 2399 402 2469 Φρᾶίῦ)
422 2397 457 2468 μῆ
478 2421 510 2453 σε
531 2402 609 2469 βόλη·
630 2402 667 2474 τῷ
688 2400 709 2453 δ’
731 2399 826 2469 ἀφανεῖ
846 2401 896 2454 πᾶς
917 2397 1003 2452 ἕπεται
1023 2398 1107 2454 δόλος.

142 2555 172 2603 et
197 2562 233 2602 ex
259 2562 295 2602 eo
320 2545 400 2620 quod
425 2546 588 2623 scorpionis
612 2547 701 2623 piscis
729 2545 823 2605 forma
850 2547 888 2604 ab
912 2545 969 2604 alio
993 2545 1074 2621 pisce
1102 2545 1152 2603 uix
1180 2551 1293 2620 poterat

142 2642 284 2717 dignosci,
304 2643 460 2716 scorpione
479 2661 578 2703 uerme
600 2643 670 2701 nihil
691 2643 788 2702 notius
810 2644 939 2702 tritiusue
949 2642 965 2700 ¹.
1009 2642 1096 2703 Adde
1117 2642 1198 2718 quod
1219 2642 1293 2701 iuter

142 2741 251 2799 coitum
266 2756 301 2798 ac
316 2741 487 2816 scorpiones
496 2743 666 2800 credebatur
677 2741 784 2817 aliquid
799 2760 864 2801 esse
878 2758 1050 2812 commune;
1065 2759 1134 2798 nam
1149 2749 1177 2799 et
1188 2758 1292 2800 secun-

142 2837 213 2896 durn
229 2836 352 2895 Plinium
368 2837 421 2916 (H.
437 2836 475 2896 N.
491 2840 634 2899 XXVIII·
651 2839 703 2920 44)
725 2841 888 2916 scorpionis
909 2857 1009 2898 morsu
1031 2840 1078 2897 icti
1100 2839 1178 2898 coitu
1192 2836 1294 2896 leuan-

142 2945 188 2993 tur
202 2943 230 2992 et
243 2936 275 2992 in
294 2935 413 2994 Zodiaci
434 2935 634 2997 distributione
656 2940 776 3014 scorpios
796 2939 910 3013 inguim
926 2938 1031 3013 gaudet
1050 2937 1152 2996 Manil.
1168 2936 1208 2995 11.
1224 2937 1293 3007 462.

141 3031 207 3092 Nec
226 3034 285 3092 iure
306 3035 418 3093 mireris
433 3037 513 3112 quod
534 3038 666 3114 scorpius
688 3036 749 3096 sedi
771 3035 941 3113 suppositus
961 3034 1055 3107 luerit,
1076 3053 1143 3094 cum
1165 3033 1294 3094 Lucilius

142 3131 245 3189 dixerit
260 3131 337 3208 apud
352 3131 483 3191 Nonium
500 3135 537 3208 65
555 3132 593 3192 Si
604 3132 714 3191 nntt'bus
735 3135 866 3190 natricem
888 3133 1026 3208 ιὐφτιςςιί
1044 3152 1167 3190 crassam
1181 3137 1208 3190 ct
1218 3133 1294 3208 capi-

142 3236 238 3288 tatam.
279 3232 320 3288 At
339 3231 510 3308 scorpiones
531 3233 624 3308 ignoti
646 3230 797 3290 Romanis.
839 3230 918 3288 Audi
940 3230 1065 3289 Plinium
1079 3230 1120 3290 H.
1132 3230 1170 3289 N.
1186 3229 1239 3288 XI.
1255 3231 1292 3303 89

142 3324 220 3384 Sane
240 3326 339 3404 Psylli
359 3332 411 3404 qui
430 3330 601 3405 reliquarum
624 3349 726 3388 υιπεπο
751 3335 891 3387 terrarum
919 3330 1072 3387 inuehentes
1099 3334 1227 3404 quaestus
1248 3327 1298 3384 sui

142 3444 229 3484 causa
253 3427 410 3502 peregrs‘nis
432 3429 515 3487 malis
535 3430 679 3503 impleuere
699 3426 824 3497 Italiam,
845 3427 895 3485 Ιιοι
915 3446 1017 3504 quoque
1038 3428 1186 3501 absportare
1205 3425 1299 3482 conati

142 3529 216 3593 sunl,
230 3524 280 3581 sed
289 3527 382 3582 uthere
396 3527 473 3584 ι’πίτα
488 3524 584 3584 Siculi
593 3528 665 3584 caeli
676 3527 810 3602 regsbnem
824 3545 878 3583 non
888 3533 1006 3602 potuere.
1057 3524 1192 3582 Visuntur
1205 3530 1294 3579 lamen

141 3621 292 3695 alr'quando
305 3624 337 3679 in
350 3622 440 3682 Italriz
453 3626 502 3682 sed
512 3627 629 3683 ι’πποευί
639 3626 782 3699 multasque
795 3624 861 3681 alzi's
879 3625 911 3681 in
927 3625 995 3682 locis
1016 3628 1048 3679 ut
1066 3623 1142 3679 circa
1161 3618 1294 3678 Pharum

143 3720 173 3775 in
193 3719 324 3796 Aegypto.
367 3721 477 3781 Fronto
500 3722 534 3779 V.
561 3726 578 3780 8
601 3721 702 3780 Naber
725 3721 797 3780 Cum
818 3721 962 3779 cubaturus
983 3722 1059 3791 irem,
1080 3720 1241 3793 scorpionem
1263 3719 1295 3775 in

141 3819 207 3875 lecto
221 3818 340 3894 fiendi:
363 3822 497 3897 occupavi
505 3829 594 3880 lumen
608 3839 667 3878 eum
685 3821 809 3892 occubere,
817 3823 986 3897 prinsquam
1005 3830 1092 3894 supra
1104 3817 1293 3875 accumberem.

142 3916 242 3975 Potuit
256 3917 341 3993 igitur
356 3919 518 3993 scorpionis
533 3919 627 3977 forma
642 3929 711 3977 nota
725 3937 789 3979 esse
804 3918 965 3989 Romanis3
988 3933 1156 3993 quanquam
1177 3933 1215 3973 ne
1236 3913 1294 3973 hoc

142 4014 263 4089 quidem
292 4015 488 4075 necessarium
516 4028 583 4087 erat,
606 4034 676 4073 nam
698 4017 828 4076 Catullus
855 4016 975 4075 fortasse
1001 4014 1147 4074 Graecum
1168 4012 1295 4089 aliquem

142 4113 272 4172 imitatus
294 4124 338 4173 est
359 4115 609 4190 quemadmodum
630 4114 696 4173 XV.
721 4135 756 4190 19
779 4114 927 4190 raphanos
948 4113 1129 4189 mugilesque
1150 4110 1295 4170 uidetura

143 4211 267 4272 Graecis
282 4212 488 4290 desumpsisse.
532 4213 572 4273 Vt
586 4214 645 4273 iam
659 4214 696 4272 ad
712 4213 864 4272 Platonem
883 4212 1044 4283 redeamus,
1059 4210 1129 4288 quid
1150 4209 1187 4269 de
1208 4227 1295 4270 uersu

141 4353 145 4358 '
176 4349 186 4381 ¹
197 4351 327 4413 Scorpionis
336 4350 409 4413 figura
417 4354 489 4413 quails
499 4355 522 4400 ln
535 4354 629 4400 taberna
641 4363 732 4413 poterat
742 4369 754 4399 n
763 4351 857 4400 Catullo
868 4351 931 4416 pingi
941 4348 1055 4397 inuenitur
1064 4349 1122 4396 inter
1129 4358 1220 4396 caetera
1232 4349 1295 4414 signa

138 4434 232 4483 zodiaci
243 4435 325 4496 clypeo
338 4433 449 4495 insculpta
461 4436 521 4498 apud
535 4436 623 4484 Fiorelli
637 4436 749 4484 Gicrnnle
760 4435 823 4498 degli
833 4434 904 4483 ὁίιιυιΙ
914 4434 940 4482 di
951 4434 1048 4495 Pompei
1062 4429 1132 4489 18⁶2,
1143 4447 1167 4493 p.
1179 4431 1220 4481 80.

709 4538 757 4578 Η
