2872 5002
235 365 296 422 ³56
532 362 735 424 ADDENDA
756 362 1096 426 PROLEGOMENIS.

234 527 448 589 Ambrosianae
470 528 634 590 Mediolani
653 530 724 590 mihi
744 531 873 592 ostendit
893 532 939 591 uir
958 530 1192 592 humanissimus
1212 532 1252 591 Α.
1271 530 1393 592 Ceriuni

233 627 266 687 Is
291 627 418 704 priorem
445 628 544 688 locum
563 628 670 688 eodem
690 628 750 689 lere
770 630 863 689 modo
883 629 972 689 habet
995 631 1203 708 conscriptum
1225 648 1290 707 quo
1312 629 1393 690 Harl

236 726 337 801 4769:
358 725 437 786 unde
451 726 580 786 conicias
594 727 785 786 recentiorem
799 727 845 787 bis
859 726 1087 788 Riccardianum
1102 745 1180 788 esse.

602 958 922 1022 enoeeconsnn
943 978 973 1039 p.
987 980 1033 1021 xc

280 1108 399 1186 Cynlhei'
411 1107 567 1169 Cenetensis
580 1109 612 1166 in
633 1106 755 1185 Virgilii
772 1108 919 1168 Aeneidem
939 1110 1167 1168 commentareiem
1189 1118 1288 1168 totum
1310 1109 1397 1168 edidit

237 1207 400 1267 Mediolani
424 1224 503 1265 anno
522 1208 599 1280 1845
618 1205 664 1266 lo.
685 1206 780 1266 Maria
803 1206 900 1266 Dorio
924 1205 1250 1284 hypobibliothecarius
1273 1207 1395 1266 Ambro

237 1306 346 1367 sianae.
387 1304 459 1364 Eius
473 1305 513 1363 ibi
527 1305 587 1364 uidi
602 1305 760 1382 exemplar,
775 1305 828 1364 sed
846 1306 988 1382 angustiis
1008 1306 1150 1384 temporis
1171 1305 1340 1381 prohibitus
1359 1325 1396 1365 ne

237 1404 269 1464 id
292 1404 330 1464 ad
354 1403 524 1463 umbilicum
544 1404 713 1463 euoluerem
738 1404 814 1463 duos
840 1413 955 1463 tantum
983 1402 1090 1462 Catulli
1117 1421 1223 1463 uersus
1253 1405 1395 1482 prioribus

236 1502 334 1563 adicio
349 1500 432 1561 XVI.
447 1515 465 1576 5
480 1502 531 1578 qui
545 1502 587 1561 sic
601 1502 704 1561 citatur
717 1501 798 1561 Nom
811 1507 917 1560 castum
931 1502 1004 1559 decet
1021 1508 1048 1560 et
1060 1503 1141 1578 priene
1151 1508 1273 1578 poetam,
1287 1502 1393 1562 LXIV.

240 1618 299 1677 113
314 1599 490 1659 Errabunda
502 1619 600 1678 regens
612 1602 690 1660 tenui
699 1602 818 1676 uesle‘ge'a
825 1599 889 1676 filo.

591 1888 910 1950 PROLEGOMENA
930 1909 958 1968 p.
977 1891 1035 1950 xxi.

280 2041 327 2101 De
339 2050 434 2102 aetate
448 2040 558 2101 codicis
572 2039 764 2100 Canoniciani
779 2059 819 2116 30
831 2038 885 2119 (0)
895 2039 1028 2100 nondum
1043 2040 1155 2100 sublata
1168 2041 1205 2101 lis
1220 2054 1275 2102 est.
1319 2042 1392 2102 Nam

238 2139 359 2210 Coxius,
373 2139 456 2200 cuius
470 2139 500 2197 in
514 2139 590 2198 hane
604 2157 667 2198 rem
682 2139 825 2198 sententia
839 2150 868 2198 et
882 2139 958 2199 ualet
971 2138 1128 2216 plurimum
1143 2149 1172 2199 et
1187 2141 1279 2200 debet
1292 2142 1392 2212 ualere,

237 2239 430 2298 recentiorem
444 2256 523 2297 nunc
537 2236 626 2297 habet
637 2237 833 2297 Germanensi
846 2246 879 2296 ut
892 2237 980 2296 etiam
994 2256 1106 2296 annum
1122 2256 1201 2310 1400
1216 2241 1314 2317 possit
1326 2257 1393 2299 eon·

237 2337 367 2414 tingere3
399 2354 495 2414 neque
523 2336 604 2395 aliter
630 2335 665 2395 E.
687 2333 729 2394 M.
749 2334 915 2412 Thomps0,
937 2337 987 2413 qui
1009 2335 1144 2395 codicem
1164 2357 1183 2396 a
1204 2356 1255 2397 me
1277 2347 1393 2415 rogatus

236 2434 372 2512 inspexit,
396 2445 475 2495 ratus
496 2444 540 2494 est
561 2435 639 2495 circa
658 2453 684 2494 a.
709 2453 788 2508 1400
809 2435 949 2511 scriptum
963 2433 1061 2505 luisse,
1084 2435 1124 2493 ita
1148 2445 1250 2495 tamen
1274 2448 1307 2497 ut
1330 2446 1392 2514 post

236 2533 268 2592 id
295 2544 411 2610 tempus
439 2533 536 2604 scribi,
556 2533 606 2591 uix
627 2542 694 2591 ante
715 2532 848 2610 potuerit.
890 2530 961 2591 Hoc
981 2549 1042 2590 non
1067 2531 1164 2591 solum
1193 2535 1392 2612 exscriptum

238 2631 355 2708 colligit,
380 2649 482 2691 uerum
506 2632 594 2691 etiam
617 2649 655 2692 ex
679 2631 764 2709 pictis
792 2630 877 2690 bullis
902 2648 978 2707 quae
1006 2630 1037 2689 in
1061 2631 1157 2707 prima
1181 2633 1296 2709 pagina
1323 2631 1392 2692 duae

236 2730 429 2806 reperiuntur.

431 3247 767 3320 ADDENDVM
807 3246 1196 3320 FRAGMENTIS.

278 3431 389 3491 Nescio
403 3450 441 3490 an
463 3431 578 3492 Catullo
600 3432 785 3492 tribuendum
800 3434 837 3492 sit
851 3432 932 3509 quod
953 3431 1032 3508 apud
1051 3428 1219 3489 Charisium
1235 3433 1281 3491 bis
1296 3432 1394 3508 legitur

238 3551 267 3607 p.
283 3534 319 3604 87
336 3529 415 3589 Keil.

279 3628 348 3687 Hoc
369 3629 463 3687 lemur
476 3628 562 3687 huius
584 3628 711 3688 femoris.
737 3627 788 3686 sed
804 3626 967 3703 frequenter
981 3625 1066 3684 huius
1081 3624 1199 3685 leminis
1213 3626 1283 3688 huic
1298 3626 1393 3686 femini

237 3728 410 3799 dictumest,
431 3735 458 3786 et
476 3728 622 3804 pluraliter
642 3737 703 3785 tam
724 3726 833 3785 femina
854 3744 942 3802 quam
964 3724 1092 3795 lemora3
1114 3725 1205 3800 ideoq
1207 3770 1309 3785 .....
1323 3725 1393 3785 ullus

238 3824 295 3885 hoc
306 3826 403 3902 ipsum
418 3825 529 3884 erudite
544 3824 679 3895 custodit,
697 3842 765 3882 curn
787 3824 856 3882 dicit
878 3822 1113 3902 Inplicuitque
1135 3822 1248 3882 femur
1269 3824 1392 3883 femini.

280 3923 323 3984 lb.
338 3941 366 4000 p.
385 3940 439 3997 131
457 3921 533 3981 Keil.
575 3920 688 3980 Femini
702 3921 845 3979 Tibullus.

401 4019 567 4096 Inplicuit
580 4019 651 4095 (que
665 4020 775 4077 addeid't
786 4016 951 4098 Fabriceies)
966 4018 1077 4077 femur
1091 4016 1221 4078 semini.

238 4132 300 4173 non
321 4112 431 4182 femori,
452 4112 534 4188 quasi
552 4114 588 4171 sit
608 4112 665 4172 hoc
683 4113 777 4173 femur
796 4112 881 4173 huius
903 4112 1027 4185 leminis,
1043 4112 1140 4171 lemen
1160 4112 1241 4170 enirn
1260 4113 1390 4171 nomina·

237 4213 298 4271 tiuo
312 4221 344 4269 ut
358 4227 460 4268 semen
474 4211 599 4270 necdum
614 4212 739 4287 legimus
753 4230 771 4270 a
785 4213 931 4270 ueteribus
944 4211 1102 4270 adsertum.

278 4310 315 4367 In
329 4307 425 4383 priore
439 4308 506 4368 loco
520 4311 626 4386 ideoque
639 4316 666 4368 el
680 4310 811 4369 Tibullus
827 4310 974 4386 suppleuit
995 4308 1159 4381 Putscbius,
1173 4310 1265 4385 idque
1282 4309 1391 4367 Keilius

236 4405 354 4481 recepit.
397 4403 456 4466 Sed
470 4406 619 4468 Tibullum
640 4410 687 4469 bis
707 4409 787 4467 idem
802 4409 920 4482 dixisse,
934 4427 1003 4467 nam
1022 4408 1111 4467 habet
1125 4407 1149 4466 1.
1166 4411 1193 4468 8.
1212 4409 1251 4467 2⁶
1274 4407 1390 4467 femori

237 4505 460 4566 conseruisse
474 4505 591 4581 lemur,
602 4525 664 4567 non
679 4518 723 4568 est
734 4509 795 4568 ueri
806 4508 908 4567 simile.
930 4507 996 4567 Fuit
1011 4508 1110 4585 potius
1120 4524 1189 4584 pars
1201 4506 1389 4568 Theocriteae
