2872 5002
493 359 723 428 CARMINVM
752 357 942 421 CATVLLl.
1232 360 1290 419 261

137 530 284 606 principio
300 531 336 589 de
352 530 440 588 Peleo
455 547 516 589 uno
531 549 629 589 senno
643 541 704 603 est;
728 531 758 588 in
773 529 831 587 fine
851 528 888 587 de
909 527 998 585 Peleo
1019 535 1049 586 et
1069 524 1205 585 Thetide.
1246 524 1293 584 Ex

138 645 201 685 uno
217 629 285 687 duo.
327 628 411 687 Idem
426 627 600 687 Theocritus
614 629 681 687 lecit
702 630 732 686 in
754 625 949 704 Epithalamio
971 623 1103 684 Helenes
1124 641 1292 700 quanquam

138 744 202 784 non
215 744 335 802 prorsus
349 726 432 784 simili
446 726 546 785 modo.
586 725 658 785 Eius
672 730 763 799 σχῆμα
777 735 821 783 est
838 738 853 798 7
868 767 875 781 .
889 743 924 798 3.
940 739 955 798 7
974 741 1011 798 33
1027 722 1066 795 65
1081 722 1150 795 655.
1182 719 1219 778 Ιιι
1233 737 1293 795 quo

138 824 258 882 ultimae
273 829 407 896 περικοπαὶ
421 826 510 895 6ε6,
526 839 625 899 5:55
641 822 717 901 (ro).
755 823 862 882 Similis
875 821 1036 898 geminatio
1050 830 1093 879 est
1107 820 1292 877 uerborum

138 923 244 997 prioris
257 927 391 995 πιριιιοιιῆι
405 938 431 995 5.

342 1075 452 1145 χαίροις,
474 1072 494 1126 ὦ
515 1072 611 1145 νῦμφο,
632 1073 732 1146 χαίροις
752 1072 886 1143 ιίπένθερε
906 1068 1016 1144 γομβρί.

345 1174 418 1225 Λατὼ
438 1173 485 1242 μὲν
506 1173 571 1241 δοίη,
594 1174 668 1226 Λατὼ
690 1176 865 1245 κουροτρόφος
887 1173 964 1240 ὔμμιν

345 1270 478 1339 «irrentus,
501 1269 597 1343 Κύπρις
618 1271 646 1325 δὲ
668 1271 713 1325 θεὰ
735 1266 831 1342 Κῦπριι
852 1266 911 1324 ἶσον
931 1268 1038 1340 ἕροσθοι

344 1367 473 1438 ἆλλάλοιν,
496 1370 557 1425 Ζιὺι·
577 1369 605 1423 δὲ
628 1372 751 1442 Κρονίδαι
772 1370 833 1426 Ζεὺς
854 1369 966 1441 ἄφθιτον
979 1367 1069 1434 ὄλβον,

344 1467 378 1523 ὧς
396 1467 427 1535 ἔξ
448 1467 600 1540 εὐπατριδᾶν
620 1467 655 1523 eis
676 1468 826 1539 ιιόιιπρίδοι
845 1469 924 1523 πάλιν
944 1466 1016 1534 ἔλθῃ.

180 1613 221 1669 Αι
244 1628 305 1668 οοιι
329 1612 370 1670 sic
395 1614 519 1673 mesodo
545 1616 710 1673 continetur
729 1632 848 1673 carmen
870 1614 907 1673 de
929 1612 1049 1683 Achille,
1071 1610 1151 1686 quod
1172 1609 1290 1667 ulterius

137 1711 305 1767 extenditur
329 1710 415 1786 idque
440 1712 471 1769 in
493 1713 627 1790 strophas
652 1714 780 1773 numeris
805 1713 852 1771 alii
876 1720 1049 1789 argumento
1071 1709 1289 1769 conuenientes.

138 1805 220 1864 Nam
242 1818 273 1865 ut
294 1809 323 1865 in
344 1809 466 1868 exordio
485 1812 594 1887 nuptiis
614 1812 777 1869 tribuuntur
792 1814 819 1881 6,
836 1830 864 1883 4,
879 1811 986 1886 nuptiis
1007 1827 1126 1886 quoque
1146 1806 1291 1865 tribuendi

138 1917 222 1962 erant
238 1925 264 1976 4,
281 1908 306 1962 6.
351 1905 410 1964 Sed
431 1906 561 1967 Catullus
579 1921 697 1967 secutus
718 1921 763 1968 est
784 1909 983 1975 Theocritum,
1002 1908 1084 1966 cuins
1105 1907 1208 1976 ἀριθμοὶ
1229 1921 1290 1962 non

139 2020 258 2078 semper
279 2003 371 2061 isdem
393 2006 521 2064 terminis
543 2008 648 2083 quihus
670 2007 751 2082 ipsae
773 2025 818 2065 res
841 2007 1059 2066 concluduntur.
1103 2002 1152 2062 Sic
1172 2002 1203 2060 in
1224 2001 1290 2061 Eid.

139 2098 179 2157 V.
191 2101 293 2173 45-60
306 2102 473 2182 quindecim
488 2116 554 2163 sunt
565 2122 666 2162 uersus
680 2104 710 2162 in
723 2120 740 2177 5
753 2123 801 2180 >t3
817 2106 974 2175 distributi;
992 2104 1098 2179 quibus
1112 2101 1291 2176 respondent

140 2197 233 2255 ultimi
252 2215 296 2271 15,
312 2200 364 2259 sed
378 2218 432 2261 nec
447 2219 477 2259 re
492 2220 547 2260 nec
561 2208 717 2275 περικοποῑς,
732 2221 829 2262 rursus
844 2204 921 2261 enim
937 2203 966 2258 in
984 2220 998 2258 2
1003 2221 1020 2275 3
1040 2219 1075 2258 ιο
1091 2198 1271 2259 scinduntur.

183 2293 306 2355 Restant
326 2315 373 2355 uu.
398 2301 540 2372 382-408
552 2320 560 2372 ;
590 2319 715 2376 quonum
737 2305 826 2373 σχῆμα
853 2320 920 2359 cum
942 2299 1068 2357 Frankio
1089 2298 1130 2357 sic
1153 2296 1229 2355 sacio
1252 2315 1288 2370 23

144 2410 181 2449 ιο
200 2412 235 2452 ιο
252 2413 277 2452 ι.

183 2490 316 2551 Transeo
345 2495 383 2553 ad
410 2514 435 2554 c.
465 2495 551 2554 LXII
579 2498 660 2573 quod
688 2509 717 2556 et
744 2499 840 2575 ipsum
869 2497 1043 2556 hexametris
1071 2495 1209 2569 scriptum
1237 2503 1289 2551 est.

138 2587 272 2646 Aliorum
286 2594 443 2652 sententias
458 2595 515 2652 iam
530 2594 560 2652 in
574 2594 753 2671 praelatione
768 2597 904 2656 carminis
918 2594 1049 2670 exposui.
1097 2591 1164 2666 Ego
1187 2591 1211 2649 si
1230 2592 1289 2648 iam

139 2685 172 2741 in
196 2686 416 2764 Prolegomenis
439 2692 581 2768 explicaui
606 2704 679 2768 quot
706 2712 808 2752 uersus
833 2712 869 2751 ex
895 2692 1043 2766 archetypi
1071 2689 1164 2747 lorma
1192 2687 1290 2745 amissi

140 2783 322 2858 colligantur,
346 2805 406 2845 non
428 2791 525 2848 minus
550 2790 579 2848 id
604 2809 641 2848 ex
662 2789 717 2848 hac
739 2791 933 2868 descriptione
955 2791 984 2847 in
1006 2800 1103 2865 partes
1124 2785 1291 2846 confirmari

139 2881 271 2941 arbitror.
313 2883 391 2942 Nam
414 2887 467 2946 tria
488 2898 555 2945 sunt
578 2888 609 2944 in
631 2907 656 2946 c.
680 2887 766 2946 LXll
792 2907 867 2965 quae
892 2889 999 2947 cadant
1022 2887 1053 2944 in
1077 2885 1288 2961 quaestionem.

139 2975 185 3055 (1)
201 2998 226 3037 ιι.
250 2999 284 3052 14
306 3000 406 3040 reuera
427 2985 464 3042 sit
485 2985 589 3043 Catulli
611 3004 705 3045 necne
728 2985 771 3067 (a)
793 2997 864 3062 quot
885 3004 985 3045 uersus
1006 2994 1074 3060 post
1095 3001 1131 3058 32
1155 2981 1290 3058 perierint

140 3073 186 3153 (3)
201 3090 267 3151 post
282 3099 307 3137 u.
325 3084 362 3152 58
379 3082 547 3141 addendum
563 3084 599 3143 sit
613 3086 737 3156 ἐφύμνιον
749 3085 861 3160 Hynun
878 3084 904 3143 O
917 3083 1080 3160 Hymenaee,
1095 3081 1206 3156 Hymen
1225 3081 1290 3138 ades

143 3172 171 3229 O
184 3174 337 3251 Hymenaee
352 3198 389 3237 an
403 3182 537 3240 consulto
551 3183 587 3242 sit
602 3184 770 3261 omissum„

183 3270 227 3349 (ι)
242 3293 269 3332 ιι.
288 3295 323 3347 14
338 3276 398 3335 Nec
412 3281 514 3337 mirum
530 3282 641 3354 pentius
655 3300 723 3355 quae
741 3288 796 3339 lota
817 3289 900 3339 menie
920 3281 1050 3339 laborant
1068 3281 1098 3337 in
1120 3279 1184 3338 solo
1206 3277 1290 3335 Thu-

140 3388 235 3429 anaeo
256 3375 357 3433 codice
378 3386 464 3448 extat,
487 3395 542 3435 nec
563 3379 592 3435 in
614 3396 650 3437 eo
671 3378 821 3454 legebatur
842 3379 943 3437 codice
965 3379 1014 3453 qui
1035 3379 1152 3435 ineunte
1172 3373 1289 3432 saeculo

139 3465 213 3524 XIV
231 3468 377 3529 Veronam
398 3473 533 3532 reductus
554 3485 607 3532 est.
649 3475 760 3534 Versus
781 3477 805 3533 si
827 3494 895 3534 uere
917 3475 1020 3535 Catulli
1042 3484 1095 3542 est,
1115 3483 1164 3530 aut
1183 3470 1289 3529 excidit

141 3583 217 3624 unus
238 3568 310 3627 inter
331 3570 396 3648 (58)
418 3582 447 3629 et
470 3569 537 3650 (66)
558 3584 606 3633 ant
629 3573 747 3649 stropha
770 3593 797 3648 9,
819 3574 1017 3650 antistrophos
1039 3576 1056 3629 8
1079 3582 1122 3630 est
1143 3586 1288 3627 uersuum.

140 3662 215 3721 Esse
244 3678 340 3725 autem
369 3667 473 3728 Catulli
501 3670 568 3728 ideo
597 3670 731 3729 credibile
759 3683 812 3741 est,
841 3673 922 3747 quod
950 3670 1066 3730 saeculo
1095 3669 1123 3726 X
1152 3667 1288 3744 perpauci

139 3775 223 3821 erant
238 3765 287 3840 qui
301 3783 369 3823 eum
386 3768 593 3842 interpolarent
602 3789 609 3840 ;
632 3769 737 3828 deinde
759 3770 949 3846 simplicitatis
971 3770 1070 3827 nescio
1086 3767 1155 3843 quid
1169 3766 1289 3824 habeta

140 3859 256 3919 Catullo
271 3880 333 3920 non
347 3865 475 3936 alienae;
493 3878 644 3942 postremo
658 3869 761 3926 melius
776 3872 817 3928 sic
832 3868 1030 3927 conformatur
1044 3867 1135 3924 oratio
1149 3867 1289 3922 iuuenum

144 3976 250 4033 11-19‚
266 3962 343 4020 cadit
357 3965 434 4021 enim
449 3967 479 4022 in
494 3965 566 4024 duas
588 3977 683 4041 partes
705 3977 913 4043 quaternorum
933 3983 1078 4036 uersuum,
1094 3965 1199 4040 quibus
1221 3963 1288 4020 suh

140 4057 263 4114 nectitur
277 4060 408 4132 ἐφύμνιον·
429 4074 549 4138 utraque
564 4073 661 4123 autem
675 4084 743 4140 pars
758 4084 809 4141 per
824 4084 854 4122 se
870 4065 956 4141 plena
970 4083 1005 4122 ac
1019 4063 1146 4141 perlecta
1160 4070 1212 4119 est.

182 4156 223 4215 Hi
234 4158 320 4234 igitur
331 4177 440 4218 nouem
455 4179 556 4219 uersus
567 4162 672 4237 quibus
682 4163 857 4239 respondere
870 4159 1020 4241 (59)-(66)
1031 4161 1088 4219 iam
1104 4168 1290 4237 perspexerat

139 4254 279 4329 Naelrius‚
292 4276 430 4334 paremne
444 4258 554 4317 habent
567 4261 607 4317 ibi
622 4278 775 4318 numerum
789 4278 828 4318 an
842 4277 902 4318 uno
916 4278 1001 4318 uersu
1015 4259 1159 4317 minorem
1170 4257 1290 4332 stropha

140 4355 363 4432 antistrophon?
386 4355 416 4414 Si
430 4374 491 4414 uno
503 4359 656 4427 minorem,
669 4357 735 4416 lecit
746 4355 876 4416 Catullus
888 4357 968 4433 quod
980 4358 1095 4433 saepius
1106 4355 1289 4427 Theocritus,

140 4463 172 4510 ut
195 4453 224 4510 in
246 4452 308 4511 Eid.
332 4453 377 4511 IV
398 4455 548 4531 Corydoni
570 4467 599 4513 et
620 4455 706 4514 Batto
728 4473 813 4533 pares
835 4472 950 4532 semper
971 4457 1133 4521 tribuuntur
1154 4454 1291 4532 strophae
