2872 5002
137 356 214 417 lxviii
527 358 891 421 PROLEGOMENA.

139 542 218 600 Intra
233 540 331 601 tabula
344 541 484 619 quadrata
498 544 581 619 pueri
594 544 754 621 imaginem
776 543 931 602 continens
952 542 1035 601 cuius
1056 541 1171 602 sublata
1189 542 1290 601 dextm

139 658 254 698 ramum
267 650 353 712 tenet,
368 641 480 700 sinistra
499 642 530 700 in
544 653 647 701 trunco
669 643 779 700 arboris
797 641 933 699 innititur.
977 639 1205 716 Circumscriptis
1223 648 1291 698 sinit

140 756 158 796 a
179 739 294 797 sinistro
315 738 402 798 latere
422 741 453 795 οὐ
473 743 537 811 μετὰ
557 742 635 809 πολὺ,
656 758 743 815 supra
764 743 814 797 σὺν
834 745 900 816 θεῷ.
923 757 942 796 a
962 737 1062 797 dextra
1082 740 1147 812 trip
1161 741 1291 808 ἐσόμενοι,

140 836 215 894 insta
228 839 310 910 Ἀρχὴ
324 841 354 893 τὸ
375 839 455 909 ἥμισυ
474 842 576 898 πάντας.
618 838 706 897 Vnde
726 857 745 896 a
765 837 894 897 Ricardo
914 836 1015 897 Heber
1034 837 1098 895 uiro
1120 835 1292 895 doctissimo

142 934 279 993 libiorum
293 934 375 993 cuius
389 935 458 992 olim
473 935 526 993 fuit
541 936 645 994 eadem
667 936 811 1013 colligitur
831 954 895 994 esse
910 935 947 995 de
961 953 1020 1012 qua
1041 937 1071 993 in
1093 933 1292 993 Bibliothecae

142 1051 171 1109 p.
188 1047 244 1108 327
257 1033 277 1090 b
290 1033 336 1091 ed.
352 1047 428 1106 1545
441 1032 595 1092 Comedus
609 1034 724 1094 Gesner
737 1034 813 1093 hanc
828 1034 1008 1093 mentionem
1023 1034 1090 1092 lecit
1104 1033 1294 1105 Hieronymus

143 1131 287 1188 Auenti'us
291 1137 385 1206 poetas
403 1132 531 1207 quosdam
555 1136 675 1191 restituet
689 1144 780 1209 nempe
796 1132 937 1192 Catullum
956 1131 1096 1191 Tibullum
1111 1131 1293 1207 Propertium

143 1231 194 1304 qui
210 1228 323 1286 Venetiis
333 1231 410 1304 apud
423 1229 627 1289 Tri'ncauelluni
642 1242 730 1307 nuper
742 1234 873 1309 impressi
883 1237 955 1290 sunt.
998 1229 1076 1311 Nam
1090 1229 1190 1289 tabula
1201 1228 1295 1306 quad·

143 1339 204 1385 rata
226 1345 293 1385 cum
314 1345 404 1403 puero
426 1327 601 1388 Trincauelli
621 1331 735 1406 insigne
757 1331 817 1390 suit.
869 1327 916 1387 Ex
937 1327 1121 1387 Praefatione
1142 1328 1190 1385 cui
1212 1345 1292 1402 prae·

144 1427 272 1501 positum
288 1439 332 1485 est
353 1426 390 1484 D.
412 1424 670 1489 ALEXANDRO
692 1425 900 1488 FARNESIO
922 1424 1155 1485 CARDINALI
1185 1423 1294 1482 FELI-

145 1522 321 1591 CISSIMO,
357 1522 614 1584 HIERONYMV
616 1525 636 1584 S
671 1524 881 1585 AVANCIVS
916 1520 1183 1583 VERONENSIS
1223 1518 1294 1580 DEI

146 1620 352 1691 GRATIAM,
367 1621 439 1682 haec
455 1626 593 1701 excerpsi.
635 1623 738 1683 Durus
755 1631 835 1699 atque
851 1626 932 1681 etiarn
948 1624 1078 1698 ingratus
1095 1623 1149 1678 sini
1170 1621 1249 1678 ni'iri'.
1264 1664 1294 1678 ..

145 1722 272 1778 exultem.
301 1721 467 1801 Primump
481 1722 568 1779 obruis
580 1732 768 1798 supremorum
782 1722 948 1780 Antisti'tum
962 1719 1112 1796 suffragiis
1126 1719 1296 1777 Alexander

147 1819 305 1876 Farnesius
330 1821 394 1877 olim
422 1819 547 1878 Hostien.
570 1819 745 1890 Cordinalis,
765 1819 829 1878 Iam
852 1817 1033 1878 PAVLVS.
1054 1815 1119 1875 III
1135 1816 1294 1875 Maximus

147 1915 287 1991 Pontp'ex
314 1917 485 1993 Apostolicae
518 1916 598 1976 Sedis
632 1916 808 1976 Maiestatem
836 1919 895 1975 sirii
925 1915 1078 1975 uirtutibus
1105 1917 1249 1974 illustret.
1264 1960 1293 1973 ..

147 2014 256 2072 Deinde
268 2034 287 2096 p
300 2033 353 2072 non
375 2017 414 2074 ita
435 2017 519 2074 multo
535 2022 600 2091 post
610 2017 691 2074 iidem
706 2019 866 2092 purpurati
881 2014 986 2074 Patres
999 2021 1024 2073 te
1039 2013 1209 2074 Christiani
1221 2013 1294 2073 Car·

148 2114 224 2171 dinis
237 2115 368 2171 custodem
388 2113 561 2173 libentissime
580 2115 759 2174 declararint.
814 2114 860 2172 Ac
880 2115 936 2172 iam
957 2132 1033 2171 nerim
1053 2115 1093 2171 sit
1110 2114 1163 2189 qui
1178 2120 1204 2170 te
1224 2118 1296 2186 tante

149 2214 285 2290 dignitati
297 2213 477 2290 permisere
497 2232 550 2272 non
571 2214 717 2271 uideatur
737 2214 851 2271 loeutur
865 2257 985 2271 ......
1000 2210 1079 2270 Dum
1103 2210 1219 2270 Orienti
1235 2218 1297 2269 tuae

137 2311 282 2389 felicitati
292 2313 370 2386 cupio
382 2310 578 2387 Emancipari,
592 2320 671 2388 turpe
684 2333 717 2370 ae
727 2322 814 2388 prope
827 2312 928 2387 nephas
941 2311 1024 2380 duxi}
1038 2310 1068 2368 si
1081 2329 1167 2368 meam
1184 2329 1254 2386 erga
1274 2318 1298 2369 te

150 2409 351 2468 obseruantiam
372 2411 431 2467 sine
449 2411 542 2486 oli'quo
562 2411 721 2469 munusculo
742 2410 911 2468 ostenderem.
941 2407 1068 2466 Proinde
1079 2427 1141 2466 cum
1155 2429 1174 2467 a
1192 2407 1298 2467 Latino

109 2512 116 2524 '
149 2505 282 2566 quenale
298 2506 445 2566 Clientium
467 2516 619 2566 uestrorum
632 2508 781 2584 fidissimo,
797 2508 965 2581 pperperuo
984 2508 1122 2564 uirtutum
1140 2514 1298 2566 uestrarum

145 2616 268 2683 precone,
293 2604 331 2664 Te
350 2607 437 2664 multa
465 2606 617 2664 illustrium
634 2612 776 2681 poetarum
802 2605 911 2662 lectione
931 2605 1068 2675 debriari}
1088 2612 1168 2680 atque
1186 2625 1228 2666 ex
1254 2606 1299 2663 liis

150 2709 236 2782 quasi
245 2706 415 2781 ingeniosam
430 2704 455 2760 A
453 2714 516 2780 peni
531 2704 717 2780 estorentibus
724 2705 821 2779 pratis
829 2702 1021 2778 pulcherrima
1035 2721 1153 2779 quaeque
1163 2705 1300 2780 decerpm

151 2805 342 2880 rognoue'ssem.
388 2801 457 2860 Tibi
472 2802 575 2859 doctum
599 2801 752 2871 Catullum,
770 2799 883 2859 Cultum
908 2799 1098 2876 Tibullum
1120 2801 1298 2860 Vehementem

152 2902 329 2974 Propertium
337 2911 390 2974 per
403 2918 444 2956 nie
456 2899 582 2957 solertius
598 2900 748 2957 emendatos
759 2900 936 2972 nuncupatim
950 2900 1052 2956 dicaui.
1095 2900 1188 2959 Addit
1209 2919 1241 2959 se
1262 2902 1300 2959 ab

153 3016 211 3055 auo
232 2997 361 3055 Famesii
382 2996 486 3074 (Paulo
506 2995 566 3073 111)
580 3016 656 3072 quem
670 2999 755 3072 quasi
768 2995 969 3053 Aristarchum
982 3002 1009 3053 et
1019 2996 1167 3071 Pliyletani
1184 3005 1303 3055 annoto.

153 3099 257 3153 ti'onum
277 3114 392 3152 suarum
410 3094 554 3154 Censorem
575 3095 716 3171 delegisset
728 3096 838 3171 quippe
851 3111 911 3169 quo
933 3111 1021 3152 nemo
1043 3096 1074 3151 in
1087 3093 1140 3152 leae
1154 3114 1186 3152 re
1199 3096 1301 3170 Aptior

154 3197 242 3252 iudex
256 3204 332 3253 esset
347 3195 508 3269 iampridem
522 3195 642 3270 eleganti
652 3192 782 3269 Epistola
801 3202 935 3267 rogatum
949 3201 982 3250 ut
995 3190 1115 3250 latinos
1122 3200 1218 3268 poetas
1234 3195 1301 3250 dili-

151 3295 262 3372 gentius
275 3293 424 3367 recognitos
438 3292 603 3367 publicaret,
617 3293 666 3351 sed
675 3293 739 3350 dum
754 3292 892 3350 editionem
913 3289 1009 3366 differt
1026 3297 1053 3348 et
1071 3309 1128 3348 rem
1149 3294 1225 3349 tanti
1242 3293 1306 3349 uiri

155 3393 255 3450 iudi'cro
268 3390 463 3449 subi'i'ciendam
477 3391 635 3466 diligentius
648 3396 798 3448 tractatae
810 3395 949 3457 retractat,
965 3389 1045 3445 illum
1058 3390 1099 3448 od
1108 3390 1302 3448 moderandam

155 3491 309 3549 Ecclesiam
337 3496 478 3546 euocatum
494 3489 600 3566 fuisse,
621 3509 649 3547 se
669 3492 726 3546 i'am
750 3491 936 3562 importunum
957 3487 1051 3545 uideri
1067 3497 1155 3562 posse,
1176 3490 1208 3546 si
1225 3489 1303 3546 illi'us

155 3608 252 3648 euram
273 3588 315 3646 ad
330 3589 397 3645 liaec
417 3607 549 3645 reuocare
568 3588 675 3646 audeat.
721 3585 791 3644 Tres
809 3589 898 3661 itaque
918 3586 997 3643 lectos
1013 3593 1105 3660 poetas
1119 3584 1192 3664 (nisi
1208 3590 1303 3645 inuen-

157 3688 274 3746 tionibus
288 3687 353 3744 meis
367 3687 452 3743 ninus
461 3686 564 3763 sauro)
579 3688 703 3744 soni'ores
718 3687 774 3742 i'iim
791 3686 816 3758 ᾇ·
830 3686 1006 3759 expolitiores
1019 3685 1072 3742 tibi
1082 3685 1172 3743 dedico
1185 3703 1219 3743 ac
1232 3705 1303 3744 rom·

157 3784 259 3841 mendo.
320 3780 393 3853 Quos
419 3783 449 3837 si
473 3780 589 3856 niagno
612 3778 657 3857 (ut
682 3777 751 3855 opo)
764 3778 866 3855 fronte
891 3779 1054 3854 excoeperi's,
1074 3775 1159 3836 Alios
1185 3781 1305 3855 deinceps

158 3883 264 3939 mittam
279 3921 401 3937 ......

322 4017 394 4077 Post
405 4020 529 4098 singulos
543 4019 653 4091 Portas,
668 4021 788 4095 ipsorum
811 4019 889 4078 Vitas
903 4021 1034 4095 respicito.

161 4166 241 4225 Hinc
256 4185 322 4225 cum
344 4167 450 4226 Paulus
470 4167 516 4226 III
538 4167 619 4245 Papa
633 4177 745 4227 creatus
760 4168 795 4226 sit
809 4185 888 4226 anno
907 4181 992 4243 1534,
1009 4167 1082 4225 haec
1103 4177 1201 4226 autem
1223 4187 1306 4245 prae·

161 4266 230 4324 satio
250 4283 311 4324 non
330 4265 422 4326 multo
444 4276 510 4344 post
530 4267 637 4343 scripta
657 4266 796 4337 uideatur,
821 4266 905 4326 annis
926 4267 1002 4325 circa
1035 4280 1215 4341 1534-1540
1237 4268 1308 4363 iiber

161 4365 255 4424 editus
266 4363 414 4442 colligitur.
