2872 5002
525 361 583 421 AD
612 361 740 422 XXVII.
762 383 787 436 4.
1177 369 1235 424 317

80 528 250 604 sedproeter
263 535 360 588 cetoros
374 527 463 587 omnis
482 528 562 605 opud
578 527 733 588 Homerum
749 529 884 605 plurimo.
935 528 991 589 Vno
1011 531 1109 608 quippo
1130 531 1161 590 in
1181 531 1237 591 ioco

80 628 150 687 totos
165 634 272 704 tamquo
284 627 393 686 hiantes
406 627 510 686 sonitans
524 628 555 686 in
569 627 692 686 assiduis
706 627 817 687 uoci'dus
823 625 959 702 pluribus
961 626 1065 705 socs’t:

282 778 317 832 ‘II
338 777 364 833 δ’
385 778 472 851 trtpq
493 777 577 852 θίρεῖ
595 779 721 852 προρέει
742 779 841 834 cinvio
860 779 978 850 χαλάζῃ

280 874 320 930 *Η
340 874 423 949 χιόνι
444 877 551 950 ψυχρῇ
572 875 588 947 ἧ
609 877 643 948 ἐξ
662 875 774 937 ὕδατος
794 878 993 952 κρυστάλλῳ.

82 1030 163 1101 atquc
176 1025 236 1083 sinn
250 1023 307 1083 olio
320 1023 375 1082 loco
384 1044 396 1082 .·

287 1176 367 1230 Λᾶαν
386 1175 445 1231 ἄνω
466 1171 582 1230 ddecus
600 1176 671 1231 nori
691 1178 801 1249 λόφον.

126 1319 255 1382 Cotuilus
268 1340 370 1399 quoquc
382 1321 600 1398 elegantissimus
606 1328 751 1400 pmtorum
765 1325 796 1382 in
809 1323 884 1382 heire
896 1323 1022 1383 uersibus
1031 1344 1042 1381 .·

287 1462 445 1522 Minister
465 1461 572 1521 netuli
592 1480 675 1538 puer
694 1461 830 1522 Falerni

287 1561 391 1638 Inger
411 1560 456 1619 mi
476 1560 604 1619 calices
624 1562 823 1634 amariores,

287 1658 333 1718 Vt
353 1659 407 1718 lex
428 1657 624 1718 Postumiae
644 1658 739 1719 iubet
761 1660 947 1736 magistrae

287 1755 433 1817 Ebriosa
454 1756 554 1817 acina
573 1757 785 1830 ebriosioris,

84 1916 145 1956 cum
166 1896 251 1957 deiero
272 1896 408 1957 ‘ebrioso'
423 1903 517 1974 posset
534 1903 567 1968 ct,
588 1898 662 1974 quod
678 1905 742 1958 erut
760 1899 898 1973 eustatius,
921 1895 1068 1958 ‘annum'
1088 1899 1119 1957 in
1139 1904 1234 1959 neutro

80 2014 179 2072 genere
211 1995 355 2072 appollon,
383 2014 482 2055 amans
516 2003 606 2054 tomen
639 1996 735 2056 inuisas
769 1996 848 2056 silius
880 1996 1030 2056 Homerici
1061 1999 1234 2068 suouitotcm,

85 2091 260 2152 ‘ebriosam'
274 2094 356 2152 dins't
369 2099 482 2171 proptor
498 2095 663 2169 insequentis
679 2113 698 2152 a
715 2094 812 2153 interos
832 2100 994 2154 concentum
1041 2093 1101 2166 Qu·
1112 2095 1235 2154 ‘ebrios'

84 2196 174 2249 ouum
203 2190 348 2251 Catullum
374 2191 481 2251 diluisse
499 2197 603 2268 putant
624 2196 676 2250 out
698 2191 850 2265 ‘cimona'
871 2212 937 2251 nom
964 2195 998 2252 id
1018 2211 1120 2269 quoque
1139 2198 1235 2250 temere

84 2290 218 2364 scriptum
245 2291 396 2362 sirumstur,
421 2291 452 2349 in
473 2289 559 2350 libros
581 2291 686 2350 scils'cet
704 2291 736 2349 dc
757 2291 894 2368 corruptis
917 2291 1123 2369 exnnploribus
1135 2290 1234 2369 suctos

84 2386 246 2447 inaurant.

126 2518 249 2580 Secutus
263 2537 329 2579 sum
338 2518 498 2579 editionem
512 2519 614 2580 Hertzi
628 2519 802 2598 postulante,
814 2529 845 2581 nt
855 2520 979 2593 uidetur,
990 2523 1133 2582 sententia
1148 2521 1232 2582 Gelli.

84 2616 211 2677 Codices
241 2618 372 2695 plerique
399 2617 509 2678 habent
542 2607 675 2696 lugere,
702 2618 848 2695 Ebriosa
882 2620 982 2680 aelno
1018 2619 1131 2701 (acine
1168 2620 1233 2680 cod.

83 2755 229 2815 Parisinus
243 2775 318 2817 saec.
327 2755 404 2815 XIII
413 2765 445 2816 ut
458 2754 645 2817 Marlrhemio
659 2758 761 2817 uinum
775 2766 828 2829 est,
839 2756 963 2819 Ebriose
972 2725 1061 2819 acidi)0
1072 2758 1151 2819 Mus.
1162 2757 1232 2819 Brit.

81 2853 160 2913 Add.
189 2857 310 2932 16981),
332 2872 407 2915 cum
427 2855 540 2916 dicere
561 2856 690 2916 ebrIosi
714 2866 834 2933 posset
854 2856 946 2933 quod
969 2868 1041 2917 erat
1064 2857 1232 2917 usitatius.

82 2951 169 3010 Multi
191 2971 209 3012 a
230 2962 298 3031 post
319 2953 438 3014 literae
459 2971 522 3014 non
543 2954 660 3015 habent.
702 2954 760 3015 His
787 2954 901 3015 indiciis
925 2956 1029 3017 ductus
1053 2955 1232 3016 credideram

82 3049 210 3111 Gellium
224 3051 262 3112 de
280 3051 453 3113 concinente
466 3071 483 3112 e
497 3071 559 3114 non
572 3071 590 3113 a
603 3053 720 3126 dixisse,
735 3052 882 3114 Catullum
902 3055 982 3114 enim
1002 3073 1071 3116 cnm
1091 3055 1233 3134 potuisset

83 3149 208 3208 scribere
1079 3176 1094 3205 ο

326 3247 371 3308 Vt
391 3248 446 3309 lex
467 3248 663 3311 Postumiae
683 3251 776 3310 iubet
796 3248 980 3328 magistrae

325 3346 463 3408 Ebriosi
483 3349 574 3408 acini
595 3348 795 3409 ebriosioris

80 3489 228 3538 amantem
242 3488 341 3540 tamen
354 3478 449 3539 hiatus
465 3479 616 3541 Homerici
632 3481 804 3541 suauitatem
817 3479 987 3558 praetulisse

323 3617 369 3677 Vt
389 3619 442 3678 lex
463 3618 658 3680 Postumiae
678 3620 771 3681 iubet
792 3621 975 3697 magistrae

324 3715 492 3777 Ebriosae
513 3719 633 3779 acinae
653 3718 865 3780 ebriosioris.

80 3859 152 3918 Hoc
166 3859 190 3918 si
204 3877 306 3918 nerum
320 3869 399 3919 esset
419 3859 619 3921 ebriosioris
638 3860 687 3921 uel
708 3861 891 3922 accusatinus
911 3860 960 3920 uel
979 3860 1131 3939 genetiuus
1153 3873 1230 3923 esset

78 3976 177 4034 aquo
196 3959 337 4034 penderet
356 3959 492 4031 acinae;
515 3977 618 4020 sensus
639 3969 737 4020 autem
757 3959 804 4020 hic
824 3960 968 4032 euaderet,
991 3965 1040 4018 ‘ut
1060 3959 1229 4022 Postumiae

77 4056 148 4115 ‘lex
168 4057 230 4115 uini
252 4056 360 4116 nimiae
383 4055 478 4116 iubet'
504 4066 553 4116 ant
577 4063 629 4117 ‘ut
653 4058 820 4118 Postumiae
843 4057 890 4116 lex
914 4058 994 4117 iubet
1018 4057 1078 4116 uini
1103 4057 1228 4120 nimios!

76 4152 135 4212 Pro
162 4154 329 4214 accusatiuo
360 4164 438 4214 certe
472 4155 677 4215 ebriosioris
711 4155 874 4214 habuerunt
900 4155 920 4213 ii
948 4155 997 4232 qui
1032 4156 1150 4216 ebrios
1180 4158 1227 4222 uel

75 4252 233 4312 ebriosos
255 4252 286 4310 in
307 4253 403 4329 prima
424 4264 504 4332 parte
526 4272 628 4315 uersus
647 4254 787 4333 legerunt,
805 4260 834 4312 et
854 4253 897 4314 sic
918 4253 1051 4315 Vossius.
1094 4255 1153 4317 Sed
1173 4259 1228 4319 ob·

74 4359 152 4410 stant
172 4349 240 4410 huic
266 4350 494 4429 interpretationi
514 4371 591 4432 quae
612 4363 748 4413 secnnnu
772 4352 960 4412 ‘ebriosam
981 4351 1068 4415 dixit
1089 4367 1228 4436 propter

74 4449 314 4529 ‘insequentis
341 4451 461 4512 literae
482 4453 703 4513 concentum'
725 4449 933 4537 (exemptum
958 4452 1040 4531 quod
1067 4453 1170 4531 legitur
1197 4457 1232 4518 in
