2872 5002
235 386 294 442 274
635 376 693 437 DE
720 374 984 438 PARTITIONE

236 549 306 606 Hoc
320 546 344 605 si
358 565 426 604 cum
440 544 623 603 Vseneriano
639 562 782 620 conpares
796 543 906 614 uideas,
921 542 1057 619 quamuis
1071 559 1133 599 non
1150 540 1248 600 desint
1261 540 1292 598 in
1307 537 1390 597 utris·

235 664 292 722 que
308 644 464 714 dissimilia
475 653 585 702 tautam
600 653 698 701 tamen
710 645 740 701 in
754 643 924 701 uniuersum
940 641 1158 700 similitudinem
1170 641 1267 699 inesse
1281 649 1390 715 quanta

236 761 305 802 casu
320 743 436 801 euenire
451 743 500 799 uix
515 742 648 817 potuerit.
671 741 749 799 Nam
764 741 794 798 in
808 741 938 816 utrisque
954 737 1082 817 4ο-(5ο)
1098 738 1258 814 Prologum
1272 736 1389 808 faciunt,

235 839 430 919 (¹5¹i·(¹⁶²)
458 839 625 916 Epilogum.
668 839 783 899 Deinde
815 838 965 897 Vsenerus
993 855 1066 914 quas
1095 837 1168 896 duas
1196 847 1294 911 partes
1322 845 1390 911 post

236 938 423 997 Prooemium
444 935 824 1016 ponit(ra÷1o)easdem
846 937 1000 996 coniunxit
1020 937 1050 993 in
1068 935 1167 993 Archa
1182 934 1389 1009 Westphalius

235 1036 334 1096 Etiam
350 1037 473 1095 Vseneri
495 1035 638 1095 Mesodos
659 1036 762 1094 iisdem
784 1036 890 1094 finibus
911 1034 1076 1092 continetur
1096 1034 1203 1109 quibus
1218 1031 1390 1107 Westphalii

235 1133 399 1210 Katatropa
423 1131 588 1209 Omphalos
616 1130 859 1207 Metakatatropa.
902 1131 949 1190 Ne
971 1131 1093 1207 singulis
1116 1130 1236 1207 quidem
1261 1130 1389 1188 numeris

236 1231 317 1290 deest
334 1231 415 1307 quod
435 1232 583 1306 utriusque
603 1247 762 1288 commune
777 1230 821 1289 sit.
863 1228 943 1287 Nam
957 1228 1223 1299 Vseneri14144
1264 1244 1298 1284 ra
1320 1245 1388 1284 raa

236 1348 272 1387 ex
287 1330 412 1388 aduerso
427 1338 504 1386 stant
519 1327 745 1404 Westphaiianis
763 1346 798 1400 14
817 1347 853 1399 14
870 1346 909 1402 30
918 1346 926 1398 ;
948 1326 1073 1386 Vseneri
1092 1345 1128 1384 ιο
1139 1336 1167 1390 ÷
1182 1343 1218 1382 ιο
1235 1335 1305 1382 ante
1319 1324 1389 1399 Epi·

234 1427 417 1503 logum=18
433 1445 521 1503 quem
542 1443 695 1484 numemm
713 1419 744 1483 i'n
765 1427 871 1486 eodem
891 1426 958 1484 loco
980 1435 1097 1485 secutus
1117 1423 1236 1481 codices
1254 1424 1389 1495 σφραγῖδα

236 1524 303 1583 facit
319 1523 522 1600 Westphalius
566 1522 651 1582 Haec
669 1523 823 1582 doctorum
841 1525 970 1582 uirorum
988 1523 1145 1581 consensio
1162 1533 1274 1597 quanto
1295 1519 1390 1594 magis

236 1622 332 1680 ualeat
359 1622 397 1679 ad
426 1620 610 1696 probandam
641 1621 777 1680 carminis
809 1622 993 1698 partitionem
1023 1638 1112 1696 quam
1140 1619 1178 1677 ad
1205 1617 1388 1676 refutandam

237 1719 431 1793 discrepantia
455 1737 516 1776 non
544 1730 588 1777 est
613 1718 694 1793 quod
718 1736 864 1776 moneam.
907 1718 987 1776 Nihil
1010 1718 1056 1776 hic
1082 1718 1149 1776 dico
1174 1716 1282 1775 deme
1306 1716 1390 1791 ipso;

236 1833 404 1891 quanquam
419 1817 506 1874 etiam
521 1834 620 1873 meum
635 1821 724 1889 σχῆμα
738 1817 776 1874 ab
790 1835 891 1875 eorum
903 1817 1055 1892 partitione
1070 1833 1132 1874 non
1146 1814 1270 1872 multum
1285 1815 1390 1872 abesse

236 1914 291 1971 nisi
313 1914 361 1970 ubi
384 1933 485 1973 uersus
510 1914 715 1973 interciderunt
739 1932 811 1972 mox
835 1915 1052 1974 demonstrabo.
1095 1913 1318 1970 Recenseamus
1342 1929 1389 1969 or·

236 2011 335 2070 dinem
349 2031 453 2071 rerum.

278 2157 322 2238 (ι)
344 2160 416 2218 Non
431 2179 552 2236 possum
566 2171 660 2220 tacere
675 2160 732 2219 Alli
746 2163 775 2218 in
790 2180 838 2221 me
853 2180 928 2238 quae
943 2162 1048 2220 suerint
1061 2159 1212 2219 beneficia

276 2281 324 2365 (2)
345 2283 424 2344 Nam
445 2286 516 2344 mihi
544 2287 574 2344 in
595 2287 768 2362 grauissimo
791 2287 893 2348 dolore
913 2287 1087 2363 opitulatum
1115 2283 1203 2354 uenit,
1225 2280 1279 2339 riui
1300 2281 1391 2339 instar

379 2385 521 2443 uiatorem
535 2384 697 2455 reficientis,

277 2510 323 2588 (3)
347 2508 403 2567 Vel
417 2519 520 2568 nautas
536 2509 712 2567 subleuantis
728 2527 825 2581 aurae,
840 2511 910 2569 dum
925 2510 1047 2569 domum
1061 2507 1181 2586 praebet
1196 2504 1227 2560 in
1249 2520 1309 2579 qua
1323 2520 1389 2560 cum

379 2607 484 2666 Lesbia
498 2625 629 2666 amorem
644 2626 819 2667 exercerem.

278 2728 322 2807 (4)
345 2730 429 2801 Quae
445 2730 482 2788 ad
497 2748 545 2788 me
562 2730 641 2788 uenit
657 2729 834 2788 Laudamiae
849 2731 949 2788 similis
964 2748 1032 2789 cum
1046 2729 1084 2787 ad
1098 2727 1251 2786 Protesilai
1266 2727 1388 2786 domum

380 2829 491 2885 ueniret
504 2845 603 2886 amore
615 2827 741 2903 flagrans
756 2838 784 2886 et
795 2829 891 2888 inuitis
903 2829 967 2886 Diis
982 2839 1118 2903 suscepto
1134 2837 1162 2884 et
1177 2843 1249 2884 mox
1264 2826 1389 2902 perituro

382 2927 436 2984 sub
451 2925 551 2983 Troia.

278 3046 323 3126 (5)
344 3048 435 3106 Troia
449 3049 528 3105 enim
543 3048 639 3106 omnis
655 3048 766 3107 uirtutis
782 3049 946 3126 sepulcrum
961 3059 1031 3120 erat,

279 3159 324 3238 (6)
345 3160 433 3219 Nunc
458 3172 556 3219 autem
577 3162 635 3220 mei
656 3161 758 3235 fratris,
781 3165 830 3240 qui
852 3166 891 3223 ibi
917 3164 1099 3241 compositus
1124 3163 1209 3232 iacet,
1231 3178 1299 3218 mea
1320 3175 1388 3216 uero

381 3262 538 3319 commoda
552 3271 646 3319 morte
662 3280 714 3320 sua
728 3263 864 3322 exstinxit
879 3264 989 3323 omnia.

279 3384 326 3466 (7)
347 3386 447 3459 Quam
462 3385 500 3445 ad
515 3385 637 3443 Troiam
652 3404 718 3443 cum
734 3385 854 3445 Graecis
869 3386 1043 3446 Protesilaus
1058 3395 1216 3462 postquam
1231 3382 1330 3451 iuerat,

279 3511 324 3588 (8)
346 3508 392 3569 Ibi
413 3522 581 3586 peremptus
605 3508 783 3568 Laudamiae
805 3527 936 3568 amorem
962 3509 1078 3568 abstulit
1099 3506 1238 3566 barathro
1260 3504 1388 3563 altiorem

381 3609 462 3685 quod
477 3607 621 3667 Hercules
636 3626 727 3684 prope
742 3607 893 3667 Pheneum
907 3606 990 3665 fodit.

280 3730 324 3809 (9)
347 3731 426 3789 Nam
441 3742 470 3789 et
484 3731 531 3788 aui
546 3731 575 3787 in
590 3731 708 3788 unicum
730 3740 868 3806 nepotem
883 3730 1032 3789 caritatem
1053 3739 1082 3786 et
1096 3729 1252 3787 columbae
1322 3745 1389 3786 con·

382 3830 481 3904 iugem
496 3828 564 3885 uicit
580 3827 749 3885 Laudamia.

260 3951 325 4030 (ιο)
346 3951 526 4009 Laudamiae
547 3967 609 4006 non
630 3949 714 4025 inpar
734 3952 812 4008 uenit
828 3951 865 4010 ad
886 3969 934 4011 me
956 3951 1072 4010 Lesbia.
1114 3948 1200 4021 Quae
1223 3966 1392 4025 quanquam

382 4048 505 4107 infidelis
527 4048 557 4105 in
574 4066 621 4105 me
639 4048 750 4119 dicitur,
772 4049 842 4108 nolo
860 4049 1013 4126 indignari,
1029 4067 1097 4108 cum
1117 4049 1207 4106 etiarn
1222 4047 1301 4106 Iuno
1321 4047 1392 4104 furta

383 4146 464 4205 Iouis
478 4146 621 4221 patienter
635 4145 716 4205 ferat.

259 4270 324 4349 (11)
347 4269 386 4328 Ar
400 4286 454 4326 nec
471 4268 606 4330 homines
623 4288 691 4330 cum
706 4269 771 4327 Diis
786 4288 957 4346 componas,
973 4266 1083 4351 [neque
1098 4287 1146 4328 me
1164 4268 1250 4326 decet
1267 4266 1391 4326 Lesbiae

381 4367 474 4438 irasci,
485 4386 646 4428 memorem
658 4369 805 4428 Anchisae
817 4367 958 4428 fulminati
967 4387 1035 4430 curn
1046 4369 1083 4427 de
1101 4367 1261 4429 concubitu
1271 4363 1393 4424 Veneris

382 4464 558 4539 gloriaretur.
