2872 5002
494 348 724 408 CARMINVM
753 349 943 410 CATVLLI.
1229 357 1287 412 241

135 516 235 589 Quem
246 535 361 576 morem
373 536 432 578 non
447 528 491 578 est
502 536 553 578 cur
567 519 597 577 in
609 516 840 577 ChrIstianomm
855 526 967 578 tanmm
978 519 1155 578 carminibus
1165 518 1292 580 ualuisse

133 625 282 691 putemus.
326 615 402 676 Cum
416 617 503 688 enim,
518 626 549 674 ut
564 616 631 688 dixi,
647 634 708 675 non
726 635 842 693 semper
856 635 893 675 ex
907 617 1048 694 scrIptura
1068 617 1178 677 codicis
1195 618 1293 678 elicias

134 724 207 788 quot
221 732 326 774 uersus
340 716 369 772 in
383 725 504 790 utraque
520 714 639 792 stropha
653 714 828 774 Prudentius
843 716 988 791 posuerit:
1010 716 1068 775 hoc
1087 726 1185 775 autem
1199 715 1291 775 modo

133 822 256 887 pmpter
269 813 453 871 continuatos
475 829 580 890 prosae
601 830 683 870 more
704 830 814 884 uersus,
830 813 921 872 modo
942 813 1024 890 quod
1044 813 1121 872 binis
1143 813 1288 873 columnis

134 910 234 986 scrIpti
259 920 358 969 essent
380 910 505 987 ideoque
530 911 642 981 turbati,
669 911 788 969 transitu
814 911 851 968 ab
877 911 966 970 altera
990 911 1067 970 Iacto
1096 911 1133 970 ad
1161 912 1291 984 alteram,

132 1007 227 1066 modo
252 1026 288 1066 ex
313 1008 428 1068 omissis
454 1008 609 1069 initialibus
633 1009 741 1078 litteris,
768 1008 909 1068 accidisse
930 1009 1070 1080 uideatur,
1092 1010 1165 1069 haec
1190 1011 1292 1069 omnia

131 1105 221 1164 etiam
236 1106 303 1165 alibi
318 1125 429 1166 errores
450 1126 485 1167 ac
508 1108 605 1166 turbas
625 1126 723 1166 creare
743 1117 907 1183 potuerunt.
950 1106 1042 1167 Cuius
1062 1108 1103 1166 rei
1120 1108 1288 1184 exemplum

133 1206 216 1282 quod
231 1209 358 1284 suppetit
371 1207 503 1267 adiciam.
547 1206 668 1266 Habent
683 1208 800 1267 codices
816 1207 927 1266 Culicis
941 1207 1014 1267 haee

260 1370 295 1431 57
344 1357 458 1415 Obono
474 1358 608 1433 pastoral,
629 1358 738 1431 siquis
758 1375 812 1414 non
826 1358 962 1432 pauperes
982 1376 1062 1416 usum

340 1454 435 1513 Mente
449 1457 535 1532 proies
556 1456 633 1512 doctu
642 1454 785 1532 suslelie'ul
802 1460 829 1511 el
841 1455 941 1529 probe?
959 1456 1019 1513 e'llt‘s

341 1553 443 1611 Orontis
463 1554 602 1612 luxuriae
621 1553 720 1628 spretis
741 1554 880 1629 t'neogm'la
900 1555 981 1611 euris

133 1691 221 1751 Haec
246 1692 402 1769 abquando
427 1693 566 1752 continue
591 1693 698 1768 scripta
724 1691 812 1751 fuisse
841 1693 870 1750 ln
899 1692 1010 1763 codice,
1034 1692 1103 1752 hinc
1134 1694 1290 1754 concludo.

132 1789 257 1850 Dixerat
271 1801 372 1850 auctor
386 1792 522 1852 carminis
542 1799 569 1850 e?
582 1791 681 1867 probe?
693 1791 742 1848 r‘lle'
753 1789 869 1849 Somm'o
883 1791 1020 1849 luxuriae
1030 1812 1046 1859 ‚·
1068 1792 1141 1850 haec
1163 1793 1291 1869 primum

132 1889 267 1948 uersibus
295 1889 352 1949 alio
374 1909 461 1967 super
484 1890 574 1948 alium
596 1890 708 1966 positis,
732 1907 803 1948 mox
831 1890 976 1948 continuis
1002 1890 1054 1949 sed
1079 1908 1132 1966 per
1153 1890 1291 1950 initialem

132 1987 258 2046 litteram
286 1988 360 2046 inter
388 2007 419 2047 se
448 1988 558 2058 diuisis,
586 1997 737 2063 postremo
767 1987 829 2045 siue
857 1986 958 2045 initiali
985 1986 1165 2063 legebantur.
1208 1986 1290 2046 Hinc

135 2084 245 2144 factum
260 2096 293 2144 ut
306 2086 353 2143 illi
363 2085 480 2145 Somm‘a
493 2086 524 2143 iu
539 2086 600 2143 illis
617 2085 721 2143 Omnia
735 2094 879 2143 mutatum
901 2083 994 2144 fuerit.
1038 2085 1149 2144 Similia
1170 2103 1290 2162 passum

135 2202 200 2243 esse
216 2184 320 2243 Catulli
335 2183 531 2261 Hymenaeon
546 2182 616 2241 LXI
638 2183 698 2241 dixi
718 2183 749 2241 in
771 2181 1001 2259 Prolegomenis.
1044 2182 1134 2242 Cuius
1155 2184 1227 2242 liber
1241 2183 1291 2243 hic

134 2282 185 2357 qui
200 2282 238 2340 ad
252 2300 307 2341 nos
321 2282 452 2358 peruenit
462 2292 534 2358 quot
548 2293 578 2342 et
592 2291 716 2358 quantas
730 2290 828 2357 potest
842 2281 963 2340 subiisse
979 2283 1154 2340 mutationes
1167 2284 1173 2340 l
1211 2281 1291 2356 Ipse,

135 2392 168 2439 ut
182 2381 295 2457 opinor,
311 2381 335 2439 si
350 2381 480 2440 carmiua
493 2380 613 2456 digessit
627 2380 657 2437 in
673 2378 815 2456 strophas,
831 2397 892 2437 non
907 2390 967 2438 erat
981 2379 1085 2438 libmm
1107 2380 1161 2438 nisi
1183 2380 1289 2439 additis

135 2479 228 2555 signis
252 2479 440 2556 partitionum
465 2479 631 2538 emissurus.
673 2478 709 2536 Id
731 2477 833 2537 saltem
855 2479 885 2536 in
910 2477 944 2535 iis
970 2477 1117 2537 concedas
1138 2495 1214 2555 quae
1241 2488 1292 2535 aut

134 2578 202 2654 ipso
227 2587 321 2636 metro
345 2588 393 2636 aut
418 2578 592 2653 interposito
620 2576 847 2654 epiphonemate
876 2577 1006 2652 speciem
1035 2594 1105 2653 pme
1133 2593 1164 2634 se
1194 2575 1291 2633 ierunt

135 2674 328 2751 stropharum,
354 2675 451 2753 quella
479 2686 546 2734 sunt
574 2675 723 2752 sapphica,
751 2675 904 2751 glyconea,
929 2673 1157 2752 Epithalamium
1193 2673 1291 2749 Vesper

134 2774 219 2843 adest,
234 2776 351 2846 eieuenes,
365 2776 522 2850 consurgite
533 2795 548 2841 ,·
578 2773 674 2848 Vesper
696 2773 829 2850 Olympo:
853 2791 904 2833 cur
918 2774 1014 2833 miuus
1032 2773 1062 2831 in
1081 2773 1116 2832 iis
1133 2789 1208 2850 quae
1229 2789 1291 2831 non

135 2873 234 2930 minus
255 2883 362 2930 certam
384 2873 580 2949 partitionem,
603 2872 665 2930 siue
686 2873 716 2930 in
738 2873 820 2949 paria
840 2871 950 2931 habent
973 2873 1034 2931 siue
1054 2871 1086 2929 in
1106 2870 1292 2948 aequabilia?

135 2990 161 3030 c.
177 2970 265 3028 XXX
279 2971 316 3030 ad
330 2971 497 3048 exemplum
516 2971 630 3047 scripsit
652 2970 789 3048 Sapphus
798 2989 806 3042 ;
829 2988 890 3029 non
905 2981 936 3029 ut
952 2969 1073 3047 Sappho
1095 2969 1291 3047 descriptums

134 3069 241 3128 eratin
256 3069 401 3145 strophas,
416 3088 477 3129 non
492 3080 524 3128 ut
540 3068 676 3145 Sapphus
697 3068 840 3128 editiones
860 3068 900 3126 ita
919 3086 1002 3126 suam
1024 3078 1095 3127 nota
1115 3068 1212 3144 ailqua
1233 3069 1292 3128 dis-

135 3167 276 3226 tincturus
288 3167 488 3243 strophamm?
503 3186 528 3227 c.
539 3166 643 3225 XXIX
654 3168 684 3225 in
696 3168 824 3243 quiaque
836 3167 933 3225 diuisit
944 3177 1101 3243 systemata
1112 3167 1291 3227 iamborum:

135 3283 197 3324 non
213 3265 363 3324 Interualla
380 3266 483 3323 saltem
505 3265 654 3325 additums
675 3274 736 3324 erat
758 3265 865 3341 quibus
885 3264 915 3322 id
936 3264 1158 3323 ostenderetur?
1180 3284 1205 3324 c.
1221 3264 1292 3322 XLI

135 3363 283 3423 uocabulo
295 3365 391 3439 puella
406 3376 508 3440 quater
522 3364 551 3421 in
566 3374 636 3422 octo
657 3363 790 3422 uersibus
812 3363 917 3438 posito,
933 3363 977 3421 bis
999 3371 1068 3440 post
1088 3373 1230 3439 quartam,
1244 3364 1291 3422 blo

135 3473 204 3539 post
225 3475 338 3521 sextam
362 3461 502 3538 syllabam
524 3462 555 3519 in
577 3472 714 3538 quattuor
734 3472 832 3537 partes
853 3461 981 3537 digessit,
1003 3462 1138 3521 binomm
1161 3461 1290 3536 singulas

135 3560 463 3636 hendecasyllabomm;
486 3559 573 3618 XLII
595 3562 625 3619 in
647 3560 720 3618 duas
740 3559 946 3618 duodenorum
960 3561 1086 3637 repetitIs
1100 3560 1196 3618 uerbIs
1210 3561 1291 3617 redde

135 3660 272 3718 codicellos
281 3680 296 3727 ,·
329 3657 413 3717 XLV
432 3660 462 3716 in
483 3658 556 3717 duas
581 3658 716 3734 strophas
739 3675 921 3717 nouenomrn
947 3677 1014 3717 curn
1039 3657 1137 3734 epodo
1162 3658 1291 3734 repetitis

134 3757 269 3816 uersibus
284 3756 347 3814 Hoc
361 3763 394 3814 u?
404 3758 486 3817 deur?
497 3776 576 3815 amor
589 3759 708 3815 se'eeeilro
727 3763 760 3814 ul
774 3763 839 3814 unte
858 3755 1005 3815 Dextram
1019 3759 1140 3816 sternue'l
1158 3756 1292 3832 approbo-

135 3859 233 3913 tionem
244 3877 255 3913 :
277 3865 306 3912 et
320 3856 350 3913 in
364 3855 409 3913 his
424 3857 609 3932 partitionem
630 3854 698 3914 iecit
713 3874 809 3932 neque
831 3855 910 3915 idem
931 3856 1094 3931 legentibus
1116 3854 1291 3914 declarauit?

138 3953 193 4012 Cui
208 3954 309 4011 omnia
324 3965 399 4013 tersa
413 3971 447 4011 ac
463 3953 553 4029 polita
567 3953 737 4029 placuerint,
751 3954 830 4013 hunc
849 3955 950 4014 credas
972 3953 1098 4012 libellum
1122 3971 1207 4010 suurn
1228 3970 1290 4010 non

135 4054 217 4111 omni
233 4071 302 4110 cura
315 4053 506 4128 perscriptum
521 4064 608 4127 atque
622 4053 652 4110 in
668 4071 735 4111 suas
749 4064 845 4129 partes
860 4054 1005 4130 digestum
1025 4052 1176 4111 emisisse?
1219 4050 1289 4110 Hoc

135 4161 164 4207 et
181 4150 297 4208 artificis
319 4162 379 4209 erat
400 4160 429 4208 et
448 4149 527 4209 docti
549 4161 662 4226 poetae.
708 4150 766 4210 Sed
789 4151 835 4211 iac
857 4152 999 4220 diuisisse,
1022 4168 1117 4226 neque
1140 4150 1170 4208 id
1191 4158 1289 4208 tamen

135 4247 316 4324 significasse
341 4248 427 4307 notis.
469 4247 549 4306 Num
572 4248 681 4308 idcirco
702 4249 834 4309 fortuitas
855 4250 938 4308 ducis
960 4251 1029 4308 istas
1050 4248 1232 4323 stropharum
1255 4265 1290 4306 ac

135 4346 260 4421 partium
276 4347 505 4405 concentiones?
548 4344 650 4417 ‘Quae
666 4357 709 4404 est
723 4347 809 4422 igitur
823 4359 872 4405 aut
887 4347 936 4404 ubi
955 4359 1088 4405 uersatur
1109 4346 1290 4404 fortuitarum

138 4449 144 4474 ¹
158 4462 255 4502 rerum
270 4443 425 4503 condicio?
467 4442 551 4515 Quae
566 4444 644 4502 enim
660 4444 828 4519 praesentiri
842 4454 891 4503 aut
905 4454 964 4504 arte
978 4456 1028 4504 aut
1048 4443 1159 4505 ratione
1173 4459 1223 4504 aut
1237 4461 1291 4503 usu

703 4559 721 4599 a
