2872 5002
138 371 196 429 348
606 360 831 422 EXCVRSVS.

139 533 293 609 fraglans
307 529 414 610 (fuerat
434 525 604 606 fragrans)
618 528 692 598 odor,
706 526 808 585 Perist.
822 525 858 584 X
876 527 916 601 63
931 523 1109 603 Flagrare
1124 533 1241 585 mnctos
1253 536 1312 604 pa·

140 632 234 688 ur'cace'
243 629 372 698 audacro,
387 625 472 685 Cath.
487 623 539 683 IV.
554 643 589 682 aa
609 622 722 681 Tetrmn
740 623 753 680 f
754 624 947 698 lagratem'm
962 634 1074 700 uapore
1082 643 1189 683 crasso
1202 624 1313 683 Horror

140 728 265 785 consczies
278 729 399 783 estuante
411 722 500 796 culpa.

183 822 303 881 Boetius
318 819 371 879 IV.
434 818 480 878 Pr.
517 819 534 874 6
556 818 616 875 odio
631 816 821 892 flagrantes

336 918 392 977 111.
415 916 500 975 Metr.
519 934 553 973 ra
576 934 636 973 eum
651 914 856 990 flagrantior
870 914 972 972 sisaim

581 1012 694 1070 Feruor
702 1013 820 1087 pectoris
834 1018 928 1070 ureret

407 1110 463 1170 111.
478 1112 524 1168 Pr.
543 1128 555 1168 1
580 1116 682 1185 quanto
694 1111 794 1167 ardore
808 1107 977 1185 flagrares

374 1209 410 1268 V.
434 1209 520 1267 Metr.
537 1226 553 1282 3
577 1207 636 1266 Sed
645 1227 696 1264 eur
710 1213 785 1264 tono
799 1205 922 1281 flagrat
936 1225 1032 1264 amon

143 1312 192 1371 ubi
214 1310 362 1387 flagrare
381 1316 549 1367 constanter
562 1306 628 1364 cod.
649 1303 732 1362 Trin.
746 1323 822 1363 saec.
841 1303 895 1375 XI,
910 1314 941 1362 et
954 1302 1145 1366 Bodleianus
1158 1306 1264 1385 (Auca
1280 1307 1308 1367 F.

145 1427 171 1467 1.
190 1405 239 1486 15)
254 1425 329 1466 saec.
345 1406 382 1464 X.

143 1506 284 1565 Martialis
299 1505 354 1563 III.
371 1505 417 1578 65.
436 1523 453 1578 9
475 1502 539 1560 Hoc
552 1508 610 1574 tua,
624 1520 703 1559 saeue
709 1511 784 1576 puer
798 1497 980 1571 Damae,
995 1498 1083 1558 basia
1098 1501 1256 1580 fraglant
1269 1505 1306 1563 sic

551 1600 731 1658 Thuanaeus
745 1609 773 1656 et
789 1596 995 1656 Schneideuini
1010 1597 1083 1658 AB.

377 1702 424 1772 58.
441 1712 456 1773 7
480 1697 524 1757 Et
535 1699 621 1756 multa
636 1696 760 1772 fraglat
774 1702 841 1753 testa
854 1694 963 1752 senibus
976 1702 1144 1756 aucdemnis
1213 1702 1255 1758 sic
1269 1699 1304 1770 A,

551 1797 657 1872 flagat
671 1795 695 1866 b,
711 1794 834 1869 flagrat
848 1792 913 1851 XB
925 1792 1053 1870 plurimi.

342 1894 364 1953 1.
380 1895 428 1968 87.
446 1913 459 1953 r
484 1893 612 1970 fragles
626 1891 779 1950 Fescennr'a
793 1894 859 1949 uim
1039 1893 1083 1952 sic
1099 1892 1224 1954 Thuan.
1237 1893 1304 1954 AB.

553 1991 666 2067 frages
681 1990 835 2049 Gudianus
849 2007 925 2048 saec.
939 1989 1009 2047 XII.

551 2089 680 2165 flagres
694 2089 823 2166 plerique
836 2087 946 2164 reliqui.

338 2188 375 2246 V.
393 2202 440 2263 37.
456 2207 474 2262 9
496 2186 673 2264 Fraglauit
687 2206 732 2245 ore
745 2186 819 2262 quod
829 2187 971 2244 rosarium
984 2185 1093 2244 Paesti
1177 2191 1218 2248 sic
1234 2188 1300 2259 XB,

555 2285 716 2362 flagrauit
731 2283 911 2344 Thuanaeus
924 2294 953 2342 et
967 2285 1024 2354 alii,
1039 2285 1208 2362 flaglauit
1221 2288 1259 2346 A.

318 2384 370 2442 VI.
387 2398 434 2457 55.
452 2403 469 2458 3
490 2382 632 2458 Fraglas
642 2382 769 2458 plumbea
782 2381 967 2441 Nicerotiana
1072 2384 1114 2442 sic
1129 2384 1236 2457 XAC,
1248 2385 1301 2443 fla·

552 2498 630 2555 gras
648 2498 766 2538 nouem.

318 2577 371 2637 XI.
388 2579 414 2634 8.
435 2595 468 2635 12
493 2576 555 2634 Hoc
569 2576 903 2653 fraglantpueribasea
917 2595 997 2635 mane
1011 2578 1066 2634 mei
1154 2579 1198 2638 sic
1214 2579 1303 2640 XAC

546 2683 594 2748 pr.
616 2672 647 2744 V,
661 2673 810 2749 flagrant
824 2673 1003 2732 Thuanaeus
1017 2684 1047 2732 et
1061 2691 1117 2732 sex
1132 2676 1191 2734 alii.

307 2789 375 2845 VII.
392 2791 439 2861 87.
458 2807 474 2862 3
496 2788 526 2844 sr'
537 2786 661 2863 flagrat
675 2805 767 2844 amore
777 2788 887 2844 catellae
927 2787 968 2845 sic
980 2786 1107 2863 plurimi,
1120 2787 1249 2867 fraglat
1262 2791 1301 2864 X,

553 2883 679 2959 fragrat
693 2903 735 2960 pr.
750 2882 788 2941 Α.

351 2986 396 3040 26.
414 2996 439 3056 7,
456 2985 474 3038 8
496 3001 588 3039 amore
601 3002 743 3058 nugarum
758 2983 899 3059 Flagret
981 2982 1108 3059 fraglet
1123 2984 1200 3045 XA.

393 3094 439 3153 27.
456 3083 472 3136 6
495 3079 631 3156 flagret
644 3089 671 3139 et
681 3083 858 3159 excziosesta
872 3080 968 3138 culr'na
981 3082 1047 3158 iugo
1086 3081 1219 3160 fraglet
1233 3084 1302 3144 ΧΑ.

301 3178 369 3236 XII.
388 3192 434 3251 52.
452 3198 468 3250 4
492 3178 619 3253 flagrat
633 3198 725 3237 amore
738 3181 811 3237 ctore's·
905 3178 1032 3256 fraglat
1047 3177 1122 3240 ΧΑ.

336 3276 372 3333 X.
388 3278 435 3334 86.
453 3294 468 3331 a
491 3275 669 3350 Flagrauit
683 3283 783 3352 quanto
794 3276 914 3334 Laurus
923 3296 1016 3335 amore
1023 3279 1104 3352 pilae
1147 3279 1188 3338 sic
1199 3273 1303 3338 'Thua-

552 3392 650 3445 naeus,
666 3374 833 3451 fraglauit
847 3374 919 3433 ΧΑ.

185 3567 273 3642 Apud
289 3566 445 3644 Apuleium
461 3567 738 3643 fraglantissimo
755 3587 847 3625 amore
868 3567 939 3626 Met.
951 3565 1004 3624 IV.
1021 3585 1070 3641 31,
1086 3566 1301 3644 flagrantiae

142 3666 209 3723 solr's
230 3666 501 3743 ib.‚r·nu1'd2aeselle
522 3664 713 3740 fraglantes
730 3664 767 3724 V.
785 3685 812 3739 9,
833 3667 960 3739 cupediae
981 3663 1137 3738 fraglans
1160 3668 1301 3742 cupidatis

142 3762 179 3821 V.
197 3782 244 3838 23,
260 3762 414 3838 flagrans
435 3763 560 3820 balsama
583 3762 670 3819 Venus
685 3761 738 3820 Vl.
758 3780 802 3833 rr,
824 3763 854 3819 de
874 3762 941 3821 soles
962 3761 1151 3837 fraglantia
1174 3770 1300 3821 mutuata

143 3861 255 3917 colorem
277 3859 330 3917 VI.
359 3879 392 3915 12
416 3858 512 3917 codex
533 3857 745 3917 Laurentianus
767 3859 908 3917 LXVIII.
927 3879 942 3915 a
965 3878 984 3917 a
1005 3858 1103 3917 Keilio
1125 3859 1251 3920 collatus
1272 3863 1301 3919 in

144 3955 181 4016 O.
195 3957 280 4015 Iahni
296 3957 341 4014 ed.
357 3956 511 4031 Cupidinis
525 3965 553 4013 et
568 3955 704 4032 Psyches.

184 4054 298 4112 Incerta
312 4071 358 4110 res
373 4061 417 4109 est
431 4051 510 4127 apud
527 4050 710 4124 Ciceronem,
726 4055 775 4129 qui
796 4072 851 4131 pro
874 4055 992 4111 redolere
1012 4071 1165 4129 nunquam
1188 4056 1301 4114 uidetur

142 4168 297 4226 usurpasse
316 4147 500 4207 uocabulum.
543 4149 601 4208 Sed
622 4151 700 4209 hunc
722 4170 774 4228 per
789 4153 806 4223 l,
822 4170 883 4210 non
901 4170 953 4228 per
974 4170 996 4222 r,
1019 4152 1171 4227 scripsisse
1193 4154 1299 4212 confir·

141 4258 222 4305 mant
243 4245 401 4319 παρῃχήσειε
422 4247 515 4322 qualis
530 4257 574 4306 est
589 4248 636 4306 illa
651 4249 681 4306 in
696 4248 825 4307 Verrinis
839 4248 892 4306 IV.
909 4267 957 4322 32.
975 4261 1010 4321 71
1027 4246 1173 4306 Conariee'a
1195 4252 1300 4325 stupris

140 4344 290 4400 domesticis
295 4343 472 4418 stagr'tei'sque
485 4344 693 4420 flagrabunt

180 4438 226 4496 Ex
240 4439 437 4515 grammaticis
459 4441 550 4518 Nonii
565 4461 640 4519 quae
661 4443 770 4502 habent
785 4444 904 4502 codices
925 4447 983 4517 438
1000 4450 1138 4518 corrupta
1154 4445 1297 4503 uidentur.
