2872 5002
139 312 219 369 xxxii
534 307 898 370 PROLEGOMENA.

141 477 237 536 scriba
249 475 312 534 libri
327 474 545 547 Germanensis‚
560 476 631 535 dum
652 477 771 535 ualcum
785 493 816 534 se
830 472 980 551 exemplar
993 473 1077 551 quod
1096 482 1210 532 extaret
1227 470 1296 533 dicit

140 574 362 651 transcripsisse,
370 592 424 632 nec
433 591 535 631 uerum
544 573 877 633 codicemaVeronensi
885 582 1032 649 repertum
1041 568 1293 649 transcripsitsetl

139 672 257 750 aliquod
276 672 339 730 eius
356 669 520 746 exemplar;
541 681 591 728 aut
605 668 650 749 (2)
664 671 688 729 si
708 671 745 729 ab
759 670 865 730 eodem
884 669 934 729 illo
948 670 1039 728 unico
1053 669 1158 728 codice
1172 668 1294 745 proiecti

138 781 206 829 sunt
220 781 249 829 et
263 767 292 828 G
307 780 335 827 et
349 768 388 833 D,
401 768 449 827 uel
462 768 487 825 is
505 768 584 827 unde
598 767 627 825 D
641 768 745 828 ductus
764 778 816 840 est,
830 768 960 827 exactius
979 767 1170 844 pressiusque
1185 766 1293 827 codicis

138 868 268 943 uestigiis
284 865 406 925 inhaesit
420 865 470 941 qui
483 862 512 923 D
526 866 657 924 exarauit
674 884 765 942 quam
786 866 837 941 qui
855 864 902 938 G;
923 864 972 923 hic
992 865 1074 923 enim
1093 874 1190 923 errata
1207 864 1293 923 corri-

137 964 245 1041 gendo,
260 962 467 1038 coniungendo
485 980 561 1038 quae
579 973 720 1038 separata,
735 961 931 1039 disiungendo
950 978 1026 1037 quae
1046 978 1139 1038 praue
1157 961 1292 1038 copulate

138 1072 229 1133 erant,
250 1060 386 1137 exemplo
411 1077 465 1118 suo
489 1059 618 1135 speciem
642 1059 722 1119 dedit
746 1060 884 1118 nouitatis
905 1077 923 1117 a
943 1058 1062 1117 Datano
1086 1058 1219 1132 alienae3
1245 1066 1294 1119 aut

139 1159 184 1239 (3)
199 1159 322 1218 omnino
340 1158 453 1233 origiue
471 1157 578 1216 diuersi
597 1168 665 1216 sunt
685 1157 723 1228 D,
743 1157 780 1218 G.
824 1156 863 1215 Et
882 1157 921 1215 ab
939 1157 1057 1217 omissis
1077 1157 1199 1234 quidem
1217 1158 1248 1215 in
1264 1156 1293 1217 D

139 1259 270 1318 uersibus
291 1274 353 1314 nou
373 1255 496 1313 multum
517 1254 678 1332 colligitur:
704 1274 809 1315 omnes
829 1256 909 1315 enim
925 1266 1037 1332 praeter
1055 1254 1166 1314 LXIV.
1187 1258 1290 1331 3⁶²‚s

140 1367 259 1433 propter
290 1355 444 1430 repetitum
477 1353 595 1430 aliun
629 1354 807 1413 uocabulum
840 1354 976 1412 uidentur
1009 1353 1181 1412 excidisse¹.
1233 1352 1292 1413 Sed

140 1467 239 1513 tamen
260 1452 331 1511 illud
358 1451 519 1510 notandum
548 1460 592 1509 est
619 1451 694 1510 duos
722 1469 759 1510 ex
787 1451 860 1511 loeis
888 1451 1006 1511 omissis
1033 1451 1065 1509 in
1093 1450 1123 1509 D
1148 1452 1237 1510 etiam
1263 1452 1292 1509 iu

139 1551 333 1612 Riccardiano
354 1549 479 1609 omissos
507 1567 579 1620 esse,
601 1567 664 1608 non
691 1550 760 1609 item
788 1551 819 1608 iu
843 1550 954 1609 ceterIa
998 1548 1064 1608 Nec
1085 1567 1157 1609 uero
1178 1550 1292 1609 diuersa

138 1652 211 1708 ratio
233 1647 376 1708 scribendi
397 1659 510 1707 tantum
531 1647 607 1705 ualet
628 1659 659 1706 ut
679 1648 827 1724 duplicem
847 1648 989 1723 originem
1010 1646 1193 1708 demonstret
1213 1648 1292 1709 codi-

140 1766 208 1806 cum
222 1746 260 1817 D,
276 1745 321 1805 G:
344 1746 438 1822 potuit
457 1745 545 1815 enirn,
558 1755 591 1803 ut
610 1746 679 1815 dixi,
693 1746 771 1804 idern
790 1745 862 1805 liber
875 1745 1006 1805 dissimili
1024 1745 1118 1804 modo
1132 1746 1291 1805 transcrrhi

141 1844 200 1901 Sed
218 1843 325 1902 haereo
344 1844 375 1901 in
393 1842 480 1901 uariis
500 1842 682 1902 lectionibus.
723 1840 834 1900 Confer
850 1860 960 1919 quaeso
975 1842 1056 1913 haec,
1073 1841 1211 1903 Iltessala
1226 1841 1292 1903 Sae-

139 1942 212 2013 taba,
224 1941 349 2016 improba
360 1944 455 2017 impia
466 1943 600 1999 ostendere
609 1941 789 2012 conscendere,
800 1949 977 2016 prosternens
990 1947 1173 2014 consternens,
1187 1943 1293 2002 celestia

138 2041 289 2111 sr'luestrta,
311 2041 467 2098 rubicunda
488 2046 555 2111 tuos,
576 2040 701 2098 librabat
719 2042 819 2098 uertice
838 2041 968 2098 uersabat
985 2040 1104 2112 turbtire,
1119 2050 1293 2117 procurrens

139 2137 319 2207 namntbens,
340 2137 496 2195 bacchantis
519 2140 633 2207 euantii,
654 2138 747 2213 pudor
766 2139 859 2209 rubor,
880 2138 981 2213 Aspice
997 2136 1107 2213 Accipe,
1127 2140 1295 2198 conciliasset

135 2235 316 2312 pacificasset,
329 2235 488 2313 deosfi’cos,
506 2241 619 2311 excepta
637 2242 746 2296 exerta.
788 2234 874 2307 Quae
892 2235 916 2294 si
937 2237 975 2294 ab
995 2236 1102 2295 eodem
1123 2235 1207 2295 fonte
1227 2254 1293 2313 pro-

140 2334 233 2395 fectae
247 2344 315 2394 sunt
329 2353 346 2392 a
360 2351 420 2410 quo
434 2333 473 2407 G,
488 2335 576 2393 miror
591 2334 701 2393 nullum
715 2354 751 2393 err
770 2335 804 2394 iis
823 2346 873 2394 aut
891 2335 921 2393 in
935 2335 1067 2410 margine
1082 2333 1112 2394 G
1126 2336 1293 2412 appositam

140 2444 190 2492 aut
217 2433 315 2492 medio
339 2433 435 2492 uersui
463 2434 696 2510 superscriptam,
721 2433 821 2509 quales
849 2433 957 2492 multae
981 2434 1011 2491 in
1036 2432 1067 2493 G
1090 2433 1292 2503 obuersantur,

140 2531 244 2603 suisse;
266 2532 355 2590 miror
374 2549 411 2591 ex
433 2541 511 2590 tanta
534 2530 669 2590 codicum
689 2529 873 2589 multitudiue
893 2528 1092 2609 (septuaginta
1110 2529 1171 2589 fere
1192 2548 1294 2590 nume·

139 2627 249 2705 rantur)
270 2630 300 2686 in
320 2629 435 2687 duobus
455 2637 567 2686 tantum
588 2626 782 2686 Riccardiano
797 2637 826 2685 et
844 2647 871 2698 a,
887 2627 936 2703 qui
955 2627 1074 2704 quidem
1093 2627 1191 2687 adhuc
1209 2628 1293 2687 inno·

140 2728 254 2798 tuerint,
265 2727 369 2785 horum
383 2729 539 2802 quicquam
554 2743 714 2785 occurrere.
749 2725 942 2802 Interpolatas
956 2743 1017 2784 non
1032 2726 1120 2784 credo
1127 2746 1137 2799 ;
1158 2726 1294 2802 quamuis

140 2827 219 2883 enim
239 2843 300 2884 non
320 2826 415 2883 absint
434 2843 508 2901 quae
528 2824 672 2882 eiusmodi
692 2824 850 2893 uideantur,
866 2826 994 2884 uniuersi
1013 2834 1111 2883 tamen
1131 2824 1243 2884 codIcis
1259 2842 1294 2883 ea

140 2933 184 2981 est
203 2933 313 2992 natura,
329 2940 403 2998 quae
418 2922 575 2979 maximam
593 2922 805 2996 simplicitatem
824 2941 894 2999 prae
913 2939 945 2981 se
958 2921 1039 2980 serat.
1080 2920 1119 2980 Et
1133 2923 1200 2997 quis
1214 2930 1295 2998 putet

138 3020 374 3095 interpolatorem
394 3017 514 3077 Saetaba
533 3019 562 3076 ln
585 3017 718 3076 Illessala
739 3030 916 3079 mutaturum
935 3020 1032 3092 luisse,
1052 3038 1121 3080 cum
1142 3018 1294 3078 Saetabum

141 3117 253 3192 legatur
271 3118 358 3176 etiam
372 3116 467 3175 XXV.
486 3130 513 3190 7,
527 3127 577 3175 aut
595 3118 730 3174 ostendere
738 3127 911 3193 procurrens
929 3119 1035 3176 celestia
1049 3117 1225 3194 scripturum
1239 3136 1293 3194 pro

140 3216 174 3273 iis
190 3234 264 3292 quae
279 3215 417 3275 exhibent
431 3216 531 3293 reliqui
546 3216 662 3274 codices
677 3218 849 3274 conscendere
862 3217 1035 3276 succrembens
1048 3216 1220 3274 stlmstrt'er?
1254 3216 1294 3275 At

173 3411 180 3440 ¹
200 3413 276 3461 Etiam
290 3414 368 3460 LXIX
378 3414 437 3460 Noli
452 3411 696 3476 adnairari-sugiurrt
706 3427 752 3459 non
764 3414 860 3461 absurde
871 3414 997 3462 Boehmius
1011 3414 1138 3475 auspicatus
1154 3423 1191 3461 est
1200 3422 1296 3476 propter

141 3497 262 3545 confusum
279 3497 385 3544 carminis
397 3496 468 3542 LXX.
484 3509 493 3543 1
507 3495 577 3541 Nulli
592 3510 615 3540 re
630 3494 686 3541 dicit
702 3495 821 3543 excidisse.
855 3497 899 3544 Sed
916 3512 970 3544 cum
987 3512 1008 3545 c.
1021 3496 1099 3544 LXIX
1113 3497 1187 3543 mmm
1204 3497 1229 3542 ln
1240 3498 1295 3543 Ric-

142 3580 249 3626 cardiano
264 3581 374 3625 omissum
392 3579 429 3634 sit,
446 3588 486 3625 aut
503 3592 516 3622 a
532 3579 627 3623 Datano
644 3577 758 3624 deriuatus
774 3587 809 3625 est
827 3579 996 3632 Riccardienus,
1013 3589 1061 3634 aut,
1078 3588 1104 3626 ut
1120 3579 1199 3639 potius
1215 3579 1294 3638 medo,

141 3663 211 3707 ambo
223 3678 236 3707 a
248 3662 365 3708 communi
379 3661 442 3707 fonte
453 3660 617 3719 profluxemnt.
650 3660 687 3706 Ci.
702 3658 785 3707 thv.
802 3660 847 3721 258
859 3660 898 3721 qui
914 3676 990 3708 uersus
1005 3671 1030 3708 et
1044 3661 1093 3720 Ipse
1106 3662 1173 3707 abest
1188 3662 1218 3708 ab
1231 3670 1295 3709 utro·

141 3758 194 3802 que.
227 3743 270 3790 Sed
281 3753 305 3790 et
316 3759 337 3792 c.
350 3743 427 3790 LXIX
437 3751 460 3789 et
473 3742 558 3788 LXIV.
572 3740 617 3803 258
629 3740 735 3803 leguntur
747 3742 770 3788 in
781 3757 804 3789 a.
840 3743 905 3791 Vnde
916 3745 962 3791 tale
974 3752 1073 3791 stnnma
1084 3741 1192 3791 efficitur.

632 3821 647 3851 x

576 4134 688 4180 Datanus.
868 4136 1038 4184 RIceardiauus.

141 4228 166 4265 ut
180 4221 208 4266 ab
220 4219 310 4282 origine
324 4219 428 4266 Datanus
440 4232 486 4264 uno
498 4216 580 4264 saltem
592 4216 660 4264 distet
672 4215 758 4267 codice.
