3136 5158
269 403 318 460 xiv
728 395 972 454 PRAEFATIO.

270 596 299 645 et
317 584 389 645 Get
413 583 482 644 Oet
502 583 630 641 uniuersi
650 581 769 641 codices
790 599 863 639 mee
885 581 1002 649 habent,
1025 579 1104 638 solus
1125 599 1144 636 a
1168 579 1253 650 uice,
1274 577 1425 638 idcircone

270 700 441 767 corruptum
454 690 521 760 hoc,
536 689 605 748 illud
620 689 705 748 unice
723 706 825 747 uemm
846 687 1018 746 habebitur?
1061 685 1131 746 Hoc
1145 696 1177 744 ut
1191 687 1318 755 euincas‚
1334 695 1425 745 statu-

269 799 380 859 endum
404 799 457 857 erit
472 797 651 857 Veronensis
676 796 811 855 codicem
835 793 898 875 (V)
921 805 971 853 aut
992 792 1082 852 semel
1107 801 1219 852 tantum
1243 803 1292 851 aut
1314 794 1424 852 eodem

272 924 388 982 semper
403 904 493 963 modo
513 904 717 980 transcriptum
733 902 830 961 fuisse.
873 900 964 974 Quod
983 919 1038 960 nee
1058 919 1110 976 per
1129 918 1161 959 se
1181 901 1242 958 ueri
1264 900 1356 958 simile
1379 910 1424 960 est

272 1031 329 1072 nec
358 1011 525 1071 condicioni
554 1011 742 1086 superstitum
770 1009 910 1068 librorum
938 1007 1083 1067 conuenit.
1127 1005 1185 1065 Sed
1213 1017 1303 1065 esto:
1337 1006 1424 1065 fuerit

273 1121 362 1181 semel
373 1118 691 1193 tantum'transcriptus
709 1116 744 1174 V:
759 1126 788 1174 at
800 1117 823 1175 si
836 1116 874 1174 ita
885 1123 1018 1174 exaratus
1029 1123 1072 1172 est
1082 1123 1114 1172 ut
1124 1114 1268 1174 incertum
1278 1113 1424 1190 relinque·

272 1239 349 1286 retur
377 1243 450 1283 mee
479 1242 517 1281 an
545 1224 621 1282 uice
650 1223 808 1293 exhiberet,
836 1222 907 1280 satis
931 1221 1022 1280 habes
1051 1239 1157 1280 causae
1182 1239 1233 1280 cur
1257 1221 1424 1280 inueniatur

271 1333 360 1393 hodie
373 1343 495 1407 utraque
516 1330 612 1389 lectio.
654 1329 734 1388 Nam
757 1329 914 1388 fluctuasse
934 1328 1066 1388 librarios
1081 1338 1109 1386 et
1122 1345 1199 1404 quae
1213 1329 1322 1390 incerta
1341 1341 1424 1388 erant

272 1440 363 1499 modo
384 1447 416 1495 ut
436 1436 535 1512 potius
557 1434 723 1506 eredebant,
746 1434 906 1510 scripsisse,
926 1433 1018 1493 modo
1039 1435 1211 1510 apposuisse
1227 1435 1307 1510 quod
1329 1435 1424 1494 isdem

270 1546 371 1607 litteris
388 1542 544 1618 significari
558 1552 682 1618 poterat,
696 1543 777 1601 testis
791 1552 836 1602 est
849 1542 913 1618 ipse
929 1539 956 1598 0
969 1542 999 1599 in
1014 1559 1074 1618 quo
1094 1559 1188 1619 pauca
1202 1551 1314 1600 tantum
1336 1547 1423 1600 διπο-

272 1652 440 1728 γραφούμενα
460 1650 648 1724 reperiuntur.
703 1648 762 1708 Sed
776 1649 868 1708 multo
889 1649 950 1706 ueri
971 1648 1092 1708 slmilius
1114 1648 1167 1707 fuit
1189 1647 1424 1725 Vcompluriens

272 1761 362 1820 fuisse
384 1735 605 1832 transcriptum
627 1756 696 1816 hinc
716 1775 784 1815 eum
805 1757 843 1814 ab
864 1756 921 1815 alio
941 1773 1015 1814 mee
1036 1755 1185 1832 legeretur,
1201 1756 1238 1814 ab
1259 1757 1315 1815 alio
1337 1758 1423 1829 uice,

272 1866 428 1926 inualuisse
442 1881 514 1921 mee
529 1864 610 1938 quod
624 1862 763 1921 Verone
777 1862 936 1921 conuenire
951 1862 1180 1923 existumaretur.
1202 1861 1287 1921 Idem
1300 1864 1379 1924 ualet
1393 1865 1423 1923 in

272 1973 381 2032 LXIV.
394 1990 461 2046 249.
475 1969 534 2028 Vbi
546 1987 612 2028 curn
625 1968 769 2030 Ghabeat
783 1979 896 2028 tamen
906 1969 1146 2045 piaspectans,
1160 1968 1231 2028 Otn
1243 1982 1423 2048 prospect-

273 2099 342 2150 ans,
357 2079 461 2136 caeteri
475 2086 589 2136 tamen
604 2080 789 2152 aspectans
804 2059 946 2136 Munroni
960 2077 1126 2136 necessario
1141 2077 1297 2153 legendum
1308 2079 1423 2139 uidetur

273 2199 344 2247 tum
355 2192 589 2261 prospectans.
612 2182 679 2261 Ego
690 2185 772 2260 quod
786 2194 889 2243 contra
903 2183 1095 2243 Behrensium
1110 2184 1180 2242 olim
1195 2184 1332 2257 dixeram,
1343 2186 1423 2246 idem

273 2291 415 2354 Munroni
432 2289 614 2366 respondeo:
637 2308 699 2349 non
720 2301 832 2350 tantum
854 2300 997 2366 praestare
1022 2288 1080 2350 GO
1099 2292 1218 2350 caeteris
1238 2299 1271 2352 ut
1290 2292 1320 2350 in
1341 2295 1424 2369 quod

273 2402 303 2460 hi
318 2401 378 2458 duo
395 2396 573 2473 conspirant,
587 2395 618 2455 id
631 2415 685 2474 pro
700 2407 781 2456 certo
795 2396 952 2469 habeatur;
975 2414 1042 2455 cum
1065 2395 1091 2454 0
1104 2397 1199 2473 possit
1217 2416 1326 2460 annum
1344 2418 1424 2472 1400

274 2508 425 2582 attIngere,
450 2503 647 2564 Bononiensis
673 2523 747 2577 1411
774 2514 909 2563 exaratus
932 2501 1070 2562 uideatur.
1112 2503 1203 2575 Quod
1225 2505 1311 2580 igitur
1335 2506 1423 2568 habet

272 2613 312 2685 B,
326 2612 407 2689 quod
429 2612 534 2671 caeteri
549 2611 609 2670 iere
624 2628 735 2681 omnes,
756 2628 817 2669 non
838 2610 936 2668 statim
958 2608 1145 2679 reiciendum,
1167 2628 1234 2668 cum
1252 2615 1423 2688 praesertim

272 2721 410 2797 langueat
431 2729 508 2788 tum,
523 2727 626 2776 contra
639 2718 818 2794 exquisitum
837 2717 874 2775 sit
892 2727 1007 2776 tamen
1027 2726 1114 2793 atque
1133 2719 1209 2776 adeo
1228 2729 1375 2778 seruatum
1393 2722 1424 2779 in

272 2827 425 2887 uniuersis.
1395 2821 1399 2828 ’

314 2915 482 2991 Dicendtim
506 2937 551 2988 est
575 2930 663 2988 etiam
691 2927 728 2988 de
752 2947 787 2988 ea
811 2947 841 2988 re
867 2947 957 3007 quarn
984 2939 1016 2987 ut
1044 2929 1117 2988 mihi
1145 2931 1186 2989 sic
1215 2930 1369 2991 Schwabio
1395 2944 1424 2994 et

274 3037 435 3100 Behrensio
456 3035 534 3094 idem
558 3035 673 3094 obiecit.
715 3034 793 3095 Nam
815 3037 845 3095 in
866 3036 994 3096 editione
1017 3037 1112 3112 priore
1134 3035 1357 3096 Lachmannum
1378 3058 1424 3098 se-

274 3156 358 3205 cutus
372 3161 433 3202 non
448 3160 536 3202 ausus
555 3160 620 3201 sum
634 3143 724 3201 libros
738 3143 778 3201 ita
797 3141 930 3202 deserere
949 3153 981 3200 ut
1000 3143 1090 3201 uerba
1108 3143 1226 3202 arbitrio
1244 3162 1314 3203 meo
1332 3144 1424 3204 telor-

274 3268 385 3311 marem
415 3259 444 3310 et
473 3249 512 3307 ad
538 3248 772 3324 VergiIanorum
804 3247 943 3308 librorum
974 3249 1212 3327 orthographiam
1242 3268 1424 3310 reuocarem.

273 3359 356 3418 Fecit
383 3358 414 3417 id
441 3357 559 3435 quidem
592 3356 739 3415 Lucianus
771 3355 931 3416 Muellerus
959 3357 990 3414 in
1017 3357 1145 3416 editione
1177 3375 1238 3429 sua,
1266 3359 1424 3418 scribendo

272 3467 482 3543 elegantrirsuest
493 3470 606 3522 unumst
617 3463 719 3522 notto’s
733 3465 900 3522 adlocutrhne
918 3465 1030 3541 titrr'gat
1045 3466 1177 3542 rhgenuos
1197 3471 1269 3524 tuom
1290 3465 1428 3522 ritmritea!

266 3573 405 3649 paruolus
409 3571 507 3650 flauas
520 3571 649 3630 adszlluos
663 3581 691 3631 et
706 3571 818 3644 similia,
829 3591 884 3632 nec
900 3570 1000 3631 dubito
1015 3571 1186 3649 placiturum
1198 3589 1246 3632 me
1260 3571 1425 3648 legentibus

274 3682 368 3758 magis
382 3679 471 3738 fuisse
485 3679 589 3738 eadem
603 3679 719 3738 licentia
738 3697 833 3738 usum.
877 3679 936 3738 Sed
954 3678 1024 3739 illud
1042 3679 1113 3737 mihi
1131 3695 1342 3754 proposueram
1361 3697 1425 3738 non

272 3797 305 3847 ut
320 3787 424 3848 Catulli
442 3787 572 3846 carmina
585 3805 621 3846 ea
635 3787 776 3864 scriptura
793 3787 909 3846 ederem
929 3804 988 3864 qua
1008 3786 1071 3863 ipse
1091 3794 1180 3862 poeta
1197 3803 1300 3844 usurus
1322 3784 1425 3858 suerat,

274 3896 326 3954 sed
340 3905 372 3952 ut
386 3895 521 3971 quamuis
536 3903 739 3970 corruptorum
753 3887 890 3954 librorum
905 3893 1060 3954 inhaerens
1074 3893 1204 3971 uestigiis
1219 3892 1242 3951 si
1254 3891 1326 3968 quid
1336 3909 1425 3950 uerae

274 4004 424 4062 uetustatis
460 4013 608 4079 supererat
639 4021 852 4076 conseruarem,
881 4013 995 4063 caetera
1026 4003 1068 4061 sic
1096 4001 1240 4061 traderem
1271 3999 1426 4076 quomodo

274 4108 305 4164 in
332 4109 373 4166 eis
401 4108 509 4166 inueni.
564 4103 646 4180 Ergo
674 4103 755 4180 quod
783 4103 899 4164 XXIII.
924 4125 937 4164 1
964 4107 1074 4176 Furel,
1103 4106 1183 4166 LXl.
1205 4105 1292 4185 (225)
1319 4106 1427 4167 bonei

275 4211 434 4280 uocatiuos,
456 4209 600 4270 XXVIII.
625 4225 661 4286 15
684 4211 850 4285 Romulei,
872 4212 952 4273 LXI.
975 4210 1062 4292 (199)
1087 4213 1226 4284 Airicei,
1247 4211 1362 4270 LXIII.
1384 4231 1421 4286 9¹

275 4317 466 4394 Dindymei,
480 4317 573 4378 LXV.
595 4319 752 4398 141tylei
771 4323 934 4397 genetiuos,
956 4320 1072 4392 habent,
1087 4339 1149 4381 non
1169 4320 1237 4380 ideo
1258 4321 1300 4378 sic
1323 4315 1427 4394 scripsi
