2872 5002
521 324 580 384 AD
601 325 680 385 uxr.
703 346 751 400 41.
1163 327 1222 382 329

77 511 158 552 ecce
187 492 379 552 Hildebrandi
407 491 641 551 Guelferbitanus
672 491 710 572 2).
766 493 820 553 ΧΙ.
848 509 884 569 15
912 493 964 551 En
991 510 1071 551 ecce
1092 491 1226 567 pristinis

76 593 219 648 aerumnis
241 591 379 649 absolutus
404 589 494 649 Ise'dei
520 609 637 666 magnae
657 592 808 667 prudentio
830 592 956 667 gaudens
983 589 1091 647 Lueeies
1117 590 1148 646 de
1175 606 1227 645 sua

64 689 194 767 fortuna
214 690 377 764 triumphet.
420 686 517 747 Closs,
539 687 622 747 Bodl.
647 685 744 766 (Auci.
759 690 797 748 T.
812 689 851 750 ΙΙ.
870 688 920 769 24)
944 688 1078 748 Enecce
1099 689 1186 745 instat
1203 690 1231 743 et

78 806 140 844 cum
155 808 187 844 ue
200 785 255 866 (ui)
268 787 342 845 ctare
355 788 402 844 uel
412 789 562 865 manssste.
605 786 649 846 cf.
666 786 766 846 Hand.
781 787 935 847 Turselliu.
951 788 990 846 II.
1007 800 1076 863 373.

437 1052 680 1113 ADDENDVM
702 1054 739 1113 ad
760 1054 840 1114 LIX.
859 1075 883 1113 r.

124 1193 201 1253 Cum
215 1193 359 1253 Pleitnero
374 1194 442 1254 facit
456 1194 566 1254 Munro
581 1194 756 1271 (Critieeims
774 1198 835 1256 and
846 1196 1042 1256 Elucidations
1058 1217 1085 1275 p.
1104 1196 1174 1277 134)
1190 1199 1229 1257 ita

81 1303 181 1352 tamen
195 1305 227 1352 ut
241 1311 295 1370 pro
309 1292 383 1351 rusa
403 1293 551 1352 rusulum
567 1296 722 1354 existumet
736 1298 822 1356 scribi
843 1297 974 1373 potuisse
988 1316 1005 1356 a
1021 1297 1135 1357 Catullo
1157 1295 1230 1354 ruia

81 1391 192 1449 rutum
220 1409 314 1450 anus.
357 1391 435 1466 Nam
458 1391 552 1452 rusus
581 1404 720 1470 tanquam
747 1394 913 1452 conuicium
939 1396 1054 1472 saepius
1079 1395 1230 1452 inuenitur.

82 1490 152 1549 Ter.
170 1489 277 1548 Heaut.
294 1493 380 1561 1061,
396 1491 487 1552 Plaut.
503 1491 585 1550 Asin.
600 1491 640 1549 II.
651 1512 677 1566 3.
696 1510 741 1564 2ο,
757 1491 843 1551 Mart.
855 1492 895 1550 II.
907 1512 954 1569 32,
966 1492 1111 1569 Inscriptt.
1127 1492 1231 1570 Pomp.

87 1573 176 1660 2422,
191 1587 277 1648 Mart.
292 1587 361 1648 XII.
379 1607 425 1665 32.
442 1609 469 1661 4,
485 1589 523 1647 ib.
539 1604 576 1663 54
591 1609 597 1647 :
620 1608 695 1666 quos
709 1589 791 1650 locos
805 1591 953 1666 congessit
967 1590 1084 1650 Munro.

440 1836 654 1898 EXCVRSVS
675 1841 713 1899 ad
734 1839 813 1899 LXI.
834 1843 878 1900 16.

129 1969 246 2028 Retinui
258 1968 378 2028 Mallio
389 1979 504 2028 secutus
517 1969 644 2041 codices,
655 1981 683 2029 et
694 1970 736 2031 sic
750 1972 942 2048 scriptumest
953 1990 1061 2031 nomen
1073 1972 1104 2030 in
1116 1972 1235 2048 Hageni
1273 2008 1276 2013 ,

86 2070 231 2145 excerptis
252 2067 365 2127 ineditis
388 2069 453 2127 cod.
470 2067 556 2126 Bern.
573 2084 629 2145 207
646 2069 686 2149 (p.
702 2069 840 2130 CCXIII.
860 2090 896 2142 24
912 2069 989 2150 sqq.)
1006 2070 1080 2142 Quot
1095 2077 1163 2128 sunt
1181 2073 1235 2129 ista

86 2167 261 2242 agnominat
300 2164 400 2223 Multo
413 2173 521 2225 sunt..
538 2165 638 2224 ..Ex
659 2169 772 2240 meretri,
787 2175 820 2225 ut
840 2166 998 2243 Torquatus
1018 2167 1173 2239 Mallius,
1187 2169 1238 2244 qui

87 2266 200 2322 condam
218 2264 333 2323 Gallum
348 2266 449 2336 occidit,
464 2267 543 2322 curies
556 2271 675 2341 torquem
689 2286 737 2324 suo
755 2268 821 2324 collo
840 2267 956 2324 conectit.
998 2264 1146 2325 Mallius
1165 2269 1236 2324 enim
1321 2278 1327 2284 '

87 2363 188 2419 hebuit
205 2381 306 2435 nomen,
324 2366 466 2440 pregnauit
482 2371 580 2421 contra
603 2363 728 2437 Gallum,
749 2365 846 2423 oceidit
864 2366 951 2435 illum,
970 2371 996 2422 et
1014 2367 1080 2440 quio
1101 2384 1157 2422 mos
1177 2370 1253 2421 erat.

92 2462 186 2521 Gallis
207 2463 287 2519 utin
308 2465 367 2520 suis
387 2464 463 2520 collis
477 2482 578 2522 aureos
595 2467 702 2539 torquis
716 2471 879 2523 conecterem
897 2463 965 2521 tulit
986 2462 1070 2523 Gallo
1089 2462 1239 2521 Mallius

89 2567 207 2635 torquem
222 2566 247 2617 et
257 2562 324 2618 cotto
337 2580 386 2618 suo
399 2563 512 2620 conectit.

445 2784 660 2844 EXCVRSVS
682 2785 719 2844 ad
741 2785 820 2844 LXI.
838 2804 886 2858 41.

457 2918 502 2978 Vt
519 2920 702 2992 lubentius,
717 2919 867 2979 audiens.

133 3039 203 3098 Non
218 3041 376 3099 absurdum
387 3041 464 3100 duco
479 3042 526 3099 hic
541 3041 643 3101 afferre
654 3043 735 3119 quod
749 3043 837 3101 habet
848 3041 946 3101 Gloss.
958 3041 1028 3101 Ball.
1042 3040 1101 3113 Quo
1114 3040 1242 3099 libentius

91 3138 144 3196 ubi
168 3136 257 3217 (12212)
281 3139 393 3196 libenter
420 3140 639 3217 interrogeteuus
667 3142 713 3198 uel
738 3141 932 3217 obturgoteieus
958 3159 1053 3199 rernm.
1110 3138 1190 3197 Nam
1218 3140 1242 3197 si

92 3237 265 3312 obiurgatiui
289 3236 396 3311 aliquid
421 3238 538 3296 suberat
562 3239 726 3297 coniunctis
750 3239 846 3296 uerbis
871 3258 923 3313 quo
948 3238 1075 3296 libentius
1101 3237 1243 3296 habemus

93 3353 212 3394 causam
227 3354 277 3393 cur
292 3342 324 3393 ut
335 3334 393 3394 hoc
408 3335 476 3394 loco
494 3335 625 3395 Catullus
647 3338 758 3396 dixerit.
802 3335 887 3396 Certe
908 3355 969 3396 nou
991 3337 1096 3395 desunt
1115 3321 1173 3393 loci
1193 3336 1244 3393 ubi

91 3430 259 3492 huiusmodi
273 3451 376 3492 sensus
391 3433 511 3492 subesse
525 3434 666 3492 uideatur.
709 3434 817 3493 Caesar
831 3434 864 3493 B.
881 3433 917 3493 G.
932 3433 1017 3492 v111.
1035 3451 1073 3505 4ο
1096 3432 1244 3490 Volusenus

92 3532 133 3588 ad
142 3551 200 3589 eom
215 3533 344 3590 uirtutem
358 3551 427 3607 quoe
440 3533 596 3608 singularis
613 3534 643 3591 in
662 3552 690 3589 eo
710 3539 773 3590 erut
791 3552 922 3610 magnum
943 3533 1032 3589 odeiem
1057 3530 1178 3590 Commii
1194 3530 1245 3587 ad-

92 3630 240 3706 iungebat:
260 3650 313 3706 quo
327 3631 453 3689 libentius
467 3633 616 3710 eiifaceret
627 3633 700 3707 quod
711 3633 906 3708 imperabatur,
921 3635 969 3689 ‘to
985 3628 1070 3688 make
1088 3628 1148 3686 him
1162 3646 1244 3687 more

93 3728 182 3803 ready
203 3739 234 3786 to
257 3728 313 3787 do.'
357 3728 446 3788 Corn.
472 3728 549 3805 Nep.
572 3728 696 3787 Eumen.
721 3729 758 3788 V.
783 3728 925 3788 Cetteiium
935 3728 1006 3805 fuit
1025 3728 1084 3783 eius
1104 3728 1244 3783 inuentum

93 3827 314 3899 quemadmodum
328 3832 406 3883 stans
420 3828 568 3884 rumentum
583 3827 755 3902 concelefieri
765 3828 939 3901 exercerique
948 3829 1104 3900 possetque
1117 3823 1246 3882 libentius

92 3929 120 3981 et
131 3923 189 3981 cibo
203 3931 325 3982 uteretur
337 3931 393 3982 eta
407 3927 528 4000 corporis
542 3932 615 3982 motu
628 3944 681 3982 non
696 3931 889 3983 remuneretur.
933 3921 1147 3997 Substringebut
1164 3926 1248 3996 ceput

93 4024 153 4079 loro
178 4024 271 4094 alteus,
290 4042 372 4100 quom
394 4031 427 4081 ut
442 4023 585 4099 prioribus
603 4026 720 4101 pedibus
740 4025 823 4099 plane
850 4029 956 4079 terram
976 4027 1069 4096 posset
1090 4022 1244 4095 attingere:

94 4121 188 4177 deinde
203 4126 268 4196 post
290 4120 448 4179 uerberibus
469 4122 579 4198 cogebat
603 4122 747 4180 exsultare
771 4127 797 4177 et
818 4119 904 4177 calces
931 4119 1072 4176 remittere.
1115 4116 1194 4174 Nam
1216 4125 1247 4174 ut

94 4217 151 4275 illie
172 4218 268 4276 uirtuti
289 4217 430 4278 Voluseni
446 4220 529 4294 quasi
553 4219 647 4277 calcar
671 4217 782 4276 accedit
804 4215 904 4274 odium
927 4214 1063 4288 Commii,
1085 4215 1126 4275 sic
1147 4213 1194 4272 hic
1216 4215 1247 4273 in

92 4317 240 4392 pigritiam
260 4326 290 4377 et
309 4317 399 4394 frigus
420 4317 584 4376 labentibus
605 4317 687 4394 equis
709 4316 823 4375 additur
844 4315 976 4374 stimulus
997 4313 1107 4373 timoris
1128 4333 1162 4373 ac
1183 4332 1248 4373 uer·

95 4417 208 4474 berum.
252 4413 344 4487 Quod
359 4433 376 4473 a
390 4416 536 4492 uirginum
551 4425 637 4474 cantu
652 4432 722 4473 sane
738 4413 871 4471 alienum.
