2872 5002
407 372 638 433 CARMINVM
667 372 858 434 CATVLLI.
1146 375 1205 435 229

55 540 137 600 Nota
155 559 202 599 res
218 559 255 600 ex
270 538 377 601 Horati
391 560 416 600 c.
432 541 488 600 ΙΙΙ.
507 560 541 600 12
557 541 738 600 Miserarum
758 545 800 600 est
815 558 897 616 neque
914 558 1007 598 amore
1023 539 1091 598 dare
1110 538 1207 597 ludum

54 659 140 715 neque
155 640 238 711 dulci,
253 638 333 716 quod
348 651 391 698 tot
405 657 524 716 passum
545 650 590 698 est
610 640 827 700 distributiones
847 640 919 716 quo't
933 639 983 697 uix
1000 636 1078 696 aliud
1099 653 1208 714 poema

56 736 269 797 Romanorum.
326 737 395 797 Hoc
423 738 448 796 si
475 738 505 795 in
534 738 637 798 ionicis
662 754 680 797 a
707 739 822 797 minore
850 754 1063 813 nonnunquam
1091 733 1208 793 euenire

55 845 179 911 poterat,
200 853 252 894 cur
271 852 333 893 non
353 835 384 894 in
405 834 489 894 aliisi
530 834 569 893 Et
583 837 613 894 in
629 835 779 912 paeonieis
793 835 913 912 quidem
926 833 957 894 id
976 833 1108 892 euenisse
1128 830 1209 890 testis

55 941 102 991 est
127 931 309 1008 Hephaestio
331 932 362 991 in
383 930 488 991 eodem
510 932 577 991 loco
599 932 688 1008 §124
705 931 785 990 Ἐστι
799 934 829 989 δέ
848 956 905 989 τινα
924 933 957 988 τὰ
976 932 1008 1000 ἐξ
1027 930 1121 999 ὁμοίων
1141 927 1208 984 οὕτω

54 1032 214 1102 πεποιημένα
232 1026 272 1107 (h.
288 1047 313 1087 e.
328 1031 390 1086 κατὰ
409 1031 505 1102 σχέσιν
523 1030 571 1089 uel
587 1031 618 1089 in
638 1029 774 1108 strophas
796 1024 959 1105 distributa)
973 1024 1026 1085 οἶον
1045 1028 1078 1082 τὰ
1089 1025 1208 1099 ‘appetas

55 1131 181 1186 παιωνικό
194 1129 254 1184 όντα

321 1209 402 1265 Ἑπτά
422 1232 466 1281 μοι
486 1211 525 1268 δὶς
545 1213 679 1284 τριάκοντα
698 1212 825 1279 βασιλεὺς
846 1213 943 1285 σχεδόν

56 1343 99 1397 καὶ
111 1343 144 1397 τὰ
158 1342 224 1411 ἐξῆν.
266 1339 350 1400 Idem
370 1340 499 1417 ssquitur
512 1358 549 1399 ex
563 1351 624 1401 arte
645 1343 766 1403 musica.
796 1341 888 1402 Nam
908 1337 1114 1417 antiquissimis
1135 1344 1209 1394 tem·

55 1437 179 1514 poribus
200 1437 345 1496 canebant
367 1438 494 1496 carmina
518 1455 580 1497 non
604 1439 759 1517 legebant3
795 1440 967 1500 canentibus
989 1447 1096 1508 autem,
1121 1433 1210 1493 etiam

56 1553 140 1592 mera
158 1552 238 1605 voce,
261 1534 345 1593 certis
366 1535 539 1610 quibusdam
560 1537 659 1613 pausis
680 1556 750 1597 usus
771 1548 849 1610 erat;
873 1536 967 1595 multo
988 1545 1085 1595 autem
1105 1531 1209 1607 magis,

55 1631 172 1690 sitibiis
186 1631 233 1689 uel
250 1631 366 1691 eithara.
408 1632 511 1709 Itaque
532 1633 582 1691 uix
604 1635 714 1694 maiora
735 1653 806 1694 uero
828 1635 900 1695 dixit
920 1630 1117 1710 Westphalius
1139 1628 1211 1688 dum

56 1729 187 1806 strophis
200 1729 325 1788 eandem
339 1740 513 1790 uetustatem
527 1732 611 1808 ponit
626 1751 715 1810 quam
734 1734 918 1792 carminibus.
950 1730 1069 1810 (Catull.
1083 1749 1113 1807 p.
1130 1724 1211 1806 270.)

56 1826 140 1886 Num
161 1839 297 1904 putamus
319 1839 386 1888 ante
410 1829 562 1888 inuentum
584 1830 727 1908 Elegeion
749 1840 903 1908 ceteraque
924 1840 1082 1890 metrorum
1103 1844 1213 1905 genera

56 1926 245 1986 hexametros
260 1927 404 1986 diuisione
417 1928 543 2003 partium
556 1930 704 1989 caruisse?
735 1929 804 1990 Hoc
816 1940 860 1989 est
874 1929 943 1988 illud
958 1929 1081 1988 omnino
1095 1943 1211 2003 negare,

57 2023 141 2101 quod
163 2025 296 2083 nondum
318 2025 479 2102 perfectum
504 2026 547 2085 sit
592 2026 657 2086 Nec
678 2047 696 2087 a
716 2029 827 2087 ratione
848 2029 983 2087 abhorret
1004 2027 1097 2100 ὕμνουν
1116 2026 1141 2084 si
1162 2025 1214 2102 qui

56 2124 193 2184 Deonrm
213 2123 280 2183 sacti
302 2133 410 2195 essent,
425 2134 456 2183 ut
470 2144 565 2200 paean
585 2125 632 2185 ille
653 2145 713 2204 quo
733 2129 883 2202 πανημέριοι
904 2121 1024 2186 iuuenes
1045 2124 1213 2202 Apollinem

57 2222 227 2282 mulcebant
252 2221 298 2301 (ll.
323 2235 353 2280 Α.
379 2222 452 2303 472)
477 2236 508 2284 ut
531 2225 625 2285 melos
653 2243 749 2298 suum,
771 2227 810 2285 ita
830 2235 926 2303 partes
947 2224 1095 2283 habuisse.
1141 2220 1214 2281 Non

59 2322 129 2381 dico
154 2320 191 2380 de
213 2321 331 2398 stropha
353 2330 382 2380 et
403 2322 585 2399 antistropho
596 2343 604 2396 3
636 2333 750 2402 poterat
770 2324 849 2383 enim
870 2342 990 2383 carmen
1010 2323 1050 2381 ita
1071 2320 1161 2380 diuidi
1181 2329 1214 2378 ut

58 2431 138 2478 ratas
160 2422 298 2493 τιρικατάι
319 2417 439 2479 haberet
461 2439 558 2480 rerum
580 2422 675 2481 ordini
696 2424 941 2500 obtemperantes,
963 2439 1018 2481 nec
1039 2430 1138 2479 mmen
1159 2418 1213 2476 sibi

58 2517 274 2595 respondentes
294 2518 420 2577 inuicem
437 2536 520 2578 more
540 2520 676 2598 strophae
696 2531 725 2581 et
746 2520 924 2598 antistrophi.
967 2518 1037 2579 Hoc
1051 2537 1087 2577 ex
1102 2516 1214 2576 collatis

59 2616 126 2676 Iulii
140 2615 266 2675 Pollucis
287 2614 430 2675 Plutarchi
452 2616 614 2678 Aristotelis
635 2621 733 2679 uerbis
754 2620 886 2679 elucebit.
927 2617 1025 2677 Docet
1046 2617 1125 2676 enim
1145 2615 1213 2675 Plu·

58 2714 176 2775 tarchus
201 2713 260 2792 (De
284 2713 400 2774 Musica
425 2712 485 2793 ΙΙΙ)
510 2717 716 2795 Terpandrum
737 2721 907 2792 κιθαρυδικῶν
926 2717 1032 2788 ποιητὴν
1052 2716 1113 2771 ὄντα
1132 2717 1215 2786 νόμον

59 2813 124 2868 κατὰ
137 2815 215 2881 νόμον
228 2811 338 2866 ἕκαστον
349 2814 402 2868 τοῖς
421 2812 497 2868 ἔπεσι
517 2817 571 2871 τοῖς
592 2816 683 2872 ἑαυτοῦ
704 2817 818 2871 καὶτοῖς
837 2812 949 2886 Ὅμηρον
969 2811 1035 2882 μέλη
1055 2809 1215 2883 περιτιθέντα

59 2909 132 2982 ᾅδειν
144 2910 172 2965 έν
183 2913 237 2966 τοῖς
250 2909 356 2982 ἀγῶσιν.
379 2909 510 2983 ἀποφῆναι
531 2913 560 2967 δι’
581 2917 675 2969 τοῦτον
690 2914 762 2987 λέγιι
782 2914 894 2981 ὀνόματα
913 2916 1014 2984 πρῶτον
1032 2912 1086 2967 τοῖς
1107 2909 1214 2982 κιθυρω·

60 3011 140 3065 δικοῖι
158 3012 252 3078 νόμοις.
293 3008 386 3078 όμοέωι
406 3009 434 3064 δι’
455 3012 608 3088 Τερπάνδρῳ
629 3015 739 3083 Κλονᾶν,
753 3014 798 3068 τόν
816 3016 918 3085 πρῶτον
939 3011 1136 3079 συστησάμενον
1155 3007 1216 3063 τούς

60 3107 217 3181 αὐλῳδικοὺς
234 3109 326 3175 νόμους
339 3108 380 3161 καί
392 3108 425 3161 sd
438 3110 569 3180 προσόδια
585 3111 706 3183 έλεγείων
720 3134 747 3165 τι
762 3111 802 3166 καὶ
816 3110 885 3164 ε’πῶν
896 3109 1003 3178 ποιητὴν
1015 3106 1146 3180 γεγονέναι
1159 3147 1168 3165 .
1182 3147 1189 3163 .
1206 3146 1214 3162 .

61 3206 94 3260 Ol
109 3205 137 3259 δέ
154 3205 226 3272 νόμοι
245 3205 270 3257 ol
290 3204 352 3257 κατό
371 3201 478 3262 τούτους
498 3208 635 3282 αὐλῳδικοὶ
655 3207 731 3277 ἦσαν,
753 3207 899 3276 Ἀπόθετον,
914 3205 1032 3278 Ἔλεγοι,
1054 3206 1214 3277 Κωμάρχιος,

61 3299 193 3374 Σχοινίων,
209 3297 311 3370 Κηπίων
323 3324 352 3356 τε
366 3303 407 3357 καὶ
417 3306 493 3362 Δεῖος
507 3307 548 3360 καὶ
560 3305 696 3378 Τριμελής.
727 3305 828 3381 ὑστέρῳ
847 3306 875 3360 δι’
895 3307 981 3379 χρόνῳ
1002 3304 1043 3357 καὶ
1062 3303 1094 3357 τό
1114 3303 1215 3371 πολυμ-

62 3403 156 3456 νάστια
170 3397 312 3470 καλούμενα
326 3400 455 3472 ε’ξιυρέθη.
492 3404 524 3457 Ol
538 3404 565 3458 διΙ
579 3406 624 3474 τῆς
638 3405 788 3480 κιθαρῳδίας
802 3403 875 3474 νόμοι
888 3405 1014 3476 πρότερον
1026 3403 1117 3473 πολλῷ
1130 3403 1216 3472 χρόνῳ

62 3504 114 3554 τῶν
127 3499 273 3573 αὐλῳδικῶν
285 3499 481 3569 κατεπόθησαν
501 3501 544 3556 ἐπὶ
562 3503 733 3574 Τερπάνδρου·
760 3503 854 3558 ε’κεῖνοι
873 3505 937 3575 γοῦν
955 3500 1015 3557 τοὺς
1038 3497 1216 3573 κιθαρῳδικοὺς

62 3601 189 3668 πρότερον
203 3598 320 3666 ὦνόμασι
336 3600 457 3652 Βοιώτιόν
470 3621 525 3653 τινα
547 3602 586 3653 καί
608 3601 719 3669 Αἰόλιον,
734 3603 860 3673 Τροχαῖόν
880 3622 909 3654 τε
930 3601 970 3653 καὶ
989 3596 1075 3666 Ὀξόν,
1098 3597 1216 3666 Κηπιόννα

62 3716 92 3748 τε
116 3696 156 3747 καὶ
179 3695 350 3766 Τερπάνδριον
374 3699 466 3765 καλῶν,
489 3696 559 3750 ἀλλὰ
578 3697 628 3767 μὴν
648 3698 688 3752 καί
708 3698 870 3769 τετραοίδιον.
891 3697 1025 3764 πεποίηται
1047 3694 1076 3748 δὲ
1096 3696 1131 3768 τῷ
1152 3701 1217 3765 Τερ-

62 3791 168 3865 πάνδρῳ
187 3790 227 3847 καί
245 3794 365 3865 προοίμια
386 3793 537 3869 κιθαρῳδικὰ
559 3795 585 3849 έν
606 3797 702 3853 έπεσιν.
741 3794 800 3849 Ὀτι
823 3795 851 3850 δέ
872 3797 897 3849 ol
918 3793 1077 3868 κιθαρῳδικοὶ
1096 3795 1168 3862 νόμοι
1192 3791 1217 3844 οί

63 3891 145 3944 πάλαι
164 3889 193 3959 ἐξ
213 3890 281 3945 ε’πῶν
301 3892 464 3960 συνίσταντο,
485 3892 608 3961 Τιμόθεον
628 3893 752 3963 ε’δέηλωσε·
780 3893 840 3950 τοὺς
859 3896 923 3966 γοῦν
941 3893 1059 3963 πρότονν
1079 3892 1170 3958 νόμους
1190 3888 1220 3944 έν

63 3987 139 4040 ἔπεσι
160 3985 312 4058 διαμιγνύων
334 3988 516 4060 διθυραμβικὴν
539 3990 611 4060 λέξιν
633 3986 701 4061 ᾖδεν,
727 3989 795 4048 ὅπως
817 3991 851 4061 μὴ
874 3989 948 4046 εὐθὺς
971 3989 1040 4060 φάνη
1067 3991 1219 4058 παρανομῶν

65 4083 101 4140 εἰς
129 4082 174 4153 τὴν
200 4084 308 4156 ἀρχαίαν
333 4085 466 4157 μουσικήν.
509 4084 590 4145 Hinc
619 4087 759 4145 docemur
787 4084 991 4162 Terpandrnm
1020 4104 1057 4143 ex
1085 4084 1218 4143 uersibus

65 4179 155 4255 epicis
170 4179 229 4239 sive
244 4181 304 4241 suis
318 4183 380 4242 siue
395 4181 519 4242 Homeri
535 4202 641 4243 nomos
656 4184 766 4255 fecisse,
783 4183 902 4259 singulis
917 4183 1014 4242 nomis
1033 4201 1119 4242 suum
1139 4185 1221 4256 μίλοι

65 4294 152 4335 suum
166 4295 276 4339 nomen
288 4279 435 4340 addidisse
442 4301 450 4352 ;
466 4280 569 4342 secisse
581 4283 667 4341 etiam
679 4280 832 4359 prooemia
844 4299 918 4356 quae
930 4290 959 4339 et
969 4281 1032 4358 ipsa
1046 4282 1221 4342 hexametris

66 4373 174 4450 scripta
188 4386 294 4435 essent.
327 4377 387 4436 Hie
401 4396 507 4439 nomos
523 4398 590 4439 cum
607 4379 715 4439 cithara
731 4378 897 4437 coniunxit:
920 4378 1031 4440 Clonas
1051 4399 1120 4441 cum
1140 4381 1219 4441 tibia.

64 4471 147 4549 Ergo
174 4475 199 4533 si
228 4475 404 4538 hexametris
424 4479 469 4539 usi
490 4489 559 4538 sunt
580 4479 610 4538 in
632 4479 728 4538 nomis
750 4476 779 4535 hi
801 4477 851 4554 qui
872 4495 925 4537 eos
945 4479 1032 4555 primi
1052 4480 1220 4554 intulerunt,
