2872 5002
603 388 849 450 PRAEFATIO.
1272 395 1302 453 xi

144 582 199 630 tam
222 589 371 647 magnum
398 571 470 630 hinc
494 572 628 647 sequitur.
671 571 742 631 Non
763 590 823 647 quo
845 570 924 631 nulla
944 572 1031 631 nobis
1050 572 1232 634 Veronensis
1252 575 1300 635 ille

144 676 234 735 codex
256 677 411 736 tradiderit
434 696 509 755 quae
530 679 644 754 possint
663 678 701 737 ad
722 679 923 755 antiquitatem
944 679 1059 752 referri;
1084 680 1164 739 uelut
1181 683 1209 738 ei
1224 684 1299 757 pho·

143 785 223 842 tellus
230 786 366 861 pelleonet
377 785 412 842 F
407 787 474 843 urei
480 787 536 843 enei
543 804 596 862 pro
609 787 697 854 mele}
713 786 766 845 sed
777 786 942 846 cautissime
952 795 1064 845 tantum
1075 787 1299 864 ingrediendum

144 902 186 949 est
201 891 369 963 inlubrico,
384 911 422 950 ne
437 891 519 969 quod
532 893 680 952 barbaries
694 891 798 963 intulit,
813 893 948 951 uetustati
961 892 1134 968 assignetur.

184 996 244 1056 Sed
257 1001 347 1058 instat
361 998 540 1059 Behrensius
554 999 680 1075 dicitque
699 997 847 1058 Catullum
861 998 954 1075 qualis
969 1016 987 1056 a
1001 997 1098 1058 Gellio
1119 999 1240 1059 traditus
1255 1012 1300 1062 est

145 1114 173 1161 et
186 1115 256 1179 post
270 1104 399 1164 Gellium
415 1105 507 1163 isdem
522 1104 598 1164 uitiis
611 1103 743 1162 laborare
757 1121 832 1179 quae
847 1104 877 1162 in
892 1103 999 1162 nostris
1013 1103 1165 1165 codicibus
1184 1107 1297 1165 inueni-

145 1221 240 1268 untur.
283 1209 364 1268 Nihil
385 1210 434 1269 hic
456 1210 522 1268 dico
541 1211 577 1268 de
592 1209 666 1269 Gell.
681 1209 734 1267 VI.
752 1228 797 1268 ao.
811 1211 828 1266 6
844 1209 881 1268 de
896 1228 956 1286 quo
979 1211 1081 1268 omnia
1094 1210 1203 1270 incerta
1220 1223 1297 1271 sunt.

146 1316 205 1376 Sed
220 1315 317 1376 XCII.
332 1335 349 1391 3
366 1317 408 1376 sic
424 1326 501 1375 extat
516 1317 545 1373 in
565 1314 660 1374 Gellio
686 1315 746 1386 Quo
765 1318 845 1390 signo
865 1335 935 1391 quos
948 1317 979 1373 in
993 1317 1099 1374 tolidem
1112 1336 1153 1387 eo,
1168 1317 1198 1375 in
1216 1316 1298 1377 Osic

147 1422 207 1492 Quo
221 1425 302 1499 regno
315 1427 381 1498 queo
395 1431 464 1480 sunt
475 1424 580 1480 tolidem
593 1442 632 1480 eo.
676 1421 757 1481 Hinc
772 1421 853 1498 quod
872 1442 903 1481 eo
922 1441 976 1498 pro
991 1442 1049 1481 meo
1062 1423 1093 1481 in
1107 1424 1236 1500 utrisque
1251 1426 1298 1498 sit,

145 1527 190 1585 ‘id
201 1530 304 1587 uitium
316 1531 374 1587 iam
384 1538 515 1605 tempore
525 1528 659 1587 Gelliano
672 1528 824 1587 insedisse'
836 1529 925 1586 credit
934 1528 1116 1588 Behrensius.
1138 1529 1206 1606 Ego
1214 1531 1297 1607 quod

143 1636 253 1695 excidit
273 1646 342 1712 post
362 1636 469 1693 totalem
490 1636 610 1711 repetita
623 1634 716 1694 littera
734 1654 761 1692 rn
778 1637 867 1694 errori
888 1636 985 1694 tribuo
1006 1637 1076 1694 satis
1096 1636 1215 1712 uulgato
1234 1655 1296 1695 non

143 1740 355 1814 Gellianorum,
371 1741 424 1801 sed
438 1742 570 1800 omnium
581 1751 745 1818 temporum
753 1761 761 1814 ;
778 1742 860 1817 quod
870 1743 931 1799 sint
941 1741 1020 1818 apud
1032 1741 1159 1801 Gellium
1170 1752 1223 1814 est,
1234 1761 1296 1801 non

141 1854 215 1917 sunt,
230 1849 324 1908 multo
337 1850 434 1907 uerius
448 1849 519 1908 mihi
533 1848 705 1908 collecturus
718 1849 821 1908 uideor
835 1848 915 1907 aliter
925 1848 1023 1907 locum
1037 1849 1143 1924 legisse
1158 1848 1295 1920 Gellium,

141 1953 224 2012 aliter
237 1955 289 2031 qui
302 1957 435 2014 codicem
449 1955 630 2015 Veronensis
644 1955 780 2014 exarauit.
825 1954 883 2013 Sed
898 1972 953 2013 nec
972 1955 1003 2012 in
1021 1956 1118 2013 uerbis
1138 1957 1195 2013 olt's
1215 1974 1296 2031 equor

141 2057 252 2119 LXVI.
269 2078 306 2136 54
322 2063 438 2122 macula
457 2062 531 2121 inest
546 2080 635 2138 quam
656 2062 821 2137 repetiuerit
841 2060 988 2137 Hyginus,
1007 2062 1030 2119 si
1045 2061 1136 2120 modo
1151 2062 1294 2138 repetiuit,

141 2165 172 2224 P.
189 2168 225 2226 Α
245 2168 285 2228 II.
309 2188 345 2242 ²4
367 2170 441 2227 hanc
460 2168 610 2226 Berenicen
631 2169 762 2226 nonnulli
779 2188 840 2226 cum
864 2167 1040 2227 Callimacho
1060 2169 1199 2227 de'ocerunl
1216 2186 1295 2242 equos

141 2273 238 2342 olere‚·
262 2293 317 2333 nec
331 2294 407 2351 quae
426 2275 511 2334 tradit
532 2274 688 2335 scholiasta
704 2275 860 2334 Bernensis
878 2274 916 2334 ad
930 2274 968 2334 G.
984 2275 1036 2334 IV.
1053 2279 1110 2350 289
1125 2275 1206 2354 (uide
1224 2275 1295 2334 Pro·

141 2376 250 2454 legom.
265 2400 294 2456 p.
308 2381 359 2459 vii)
373 2384 443 2441 satis
457 2391 535 2441 certa
555 2381 762 2441 emendatione
783 2383 929 2440 nituntur:
952 2380 1061 2440 LXIV.
1080 2395 1134 2456 172
1151 2392 1248 2440 autern
1263 2383 1294 2440 in

141 2503 201 2560 quo
215 2488 360 2547 tradendo
374 2490 561 2548 consentiunt
576 2488 746 2548 Macrobius
760 2499 789 2547 et
803 2487 908 2548 Catulli
923 2488 1050 2559 codices,
1065 2489 1116 2546 uni
1131 2488 1293 2547 Behrensio

141 2605 297 2669 corruptus
311 2595 433 2653 uidetur.

180 2698 266 2759 Haec
288 2701 312 2759 si
334 2701 484 2759 temerarie
501 2701 593 2772 finxit,
608 2703 695 2760 etiam
716 2700 956 2777 intemperantius
978 2699 1014 2758 de
1036 2717 1084 2758 me
1104 2699 1218 2758 locutus
1239 2709 1291 2757 est.

140 2803 219 2863 Nam
234 2824 301 2865 cum
315 2807 347 2864 in
361 2815 442 2866 tanta
456 2807 638 2866 multitudine
653 2807 789 2866 codicum
804 2824 879 2882 quos
894 2806 1024 2865 exhibuit
1038 2806 1127 2865 editio
1142 2823 1208 2864 mea
1222 2805 1293 2862 anni

112 2898 120 2922 ⁸
144 2914 219 2986 1867
248 2915 300 2971 uix
329 2931 363 2973 ac
391 2932 429 2972 ne
456 2915 505 2973 uix
530 2914 649 2990 quidem
684 2914 787 2972 abesse
816 2931 929 2972 errores
957 2923 1086 2990 possent
1115 2911 1316 2972 Behrensius*

140 3018 293 3077 socordiae
324 3038 372 3078 me
401 3021 496 3095 arguit
524 3020 605 3095 quod
633 3019 777 3079 nonnulla
804 3038 842 3078 ex
873 3018 899 3077 0
924 3020 998 3078 falso
1024 3019 1198 3078 tradiderim.
1241 3017 1292 3076 In·

139 3109 280 3201 erantque
309 3143 380 3184 sane
408 3126 495 3184 uitia:
532 3126 677 3202 quaedam
705 3125 902 3201 neglexeram,
923 3125 1065 3184 nonnulla
1086 3125 1240 3200 praecipue
1261 3125 1292 3181 in

138 3232 237 3307 priore
251 3243 333 3308 parte
348 3234 509 3292 carminum
524 3234 631 3292 absens
652 3251 748 3309 neque
770 3251 869 3293 rursus
890 3234 1023 3309 inspecto
1045 3232 1146 3291 codice
1168 3231 1292 3306 Impres-

138 3356 252 3410 seram;
275 3338 366 3415 plura,
380 3350 412 3397 ut
426 3340 546 3397 minoris
560 3340 651 3415 pretii,
668 3340 802 3398 consulto
816 3340 1030 3416 praeterieram.
1055 3337 1289 3412 'Nonnunquam

139 3446 297 3521 scripturae
319 3446 494 3521 compendia
515 3464 590 3521 quae
611 3447 641 3504 in
662 3445 768 3505 Osunt
789 3446 912 3522 plurima
933 3464 1028 3523 neque
1050 3445 1154 3504 eadem
1176 3460 1291 3518 semper

138 3552 217 3609 idem
238 3551 336 3609 ualent
357 3551 437 3610 aliter
457 3552 659 3627 interpretatus
681 3571 798 3610 sumac
820 3570 898 3611 nunc
919 3553 1107 3628 interpretor;
1129 3551 1239 3625 inqua
1260 3565 1291 3605 re

138 3658 272 3733 ignoscet
286 3658 356 3716 mihi
371 3659 420 3733 qui
436 3659 506 3717 sciet
521 3659 667 3717 dubitasse
682 3661 769 3717 etiam
784 3658 825 3717 H.
840 3659 876 3718 O.
892 3658 1020 3719 Conium
1035 3675 1123 3734 quem
1144 3657 1174 3713 ln
1196 3654 1290 3712 dubiis

139 3764 211 3823 locis
238 3765 384 3823 interdum
413 3766 553 3824 consului.
607 3766 654 3824 Ne
686 3785 764 3825 nunc
796 3766 915 3841 quidem
944 3767 1049 3824 desunt
1076 3780 1151 3837 quae
1180 3761 1289 3818 incerta

138 3872 208 3929 mihi
226 3890 395 3947 quanquam
410 3874 526 3948 saepius
548 3892 692 3949 perpensa
712 3884 799 3948 atque
823 3873 989 3931 examinata
1013 3869 1184 3938 uideantur;
1207 3868 1289 3925 cuius

108 3963 113 3970 ’
137 3979 177 4036 rei
202 3979 337 4055 exempla
365 3989 433 4037 sunt
455 3980 584 4056 prey'erre
612 3979 720 4038 LXIV.
744 3982 809 4054 196,
833 3991 967 4055 pronoen
991 3979 1131 4055 (praeeant
1152 3971 1289 4051 postcom)

137 4084 245 4142 LXIV.
265 4104 311 4155 11,
326 4093 355 4143 et
369 4086 485 4160 saepius
501 4086 652 4161 repetitum
669 4083 685 4143 li
701 4085 792 4165 (hoec)
807 4087 887 4161 quod
901 4104 969 4143 uere
984 4082 1161 4140 Behrensius
1175 4081 1289 4140 uidetur

137 4193 174 4248 ab
198 4193 214 4248 ii
239 4188 323 4269 (hoc)
346 4192 526 4250 discreuisse.
585 4192 642 4250 Sed
671 4192 921 4268 impudentissime
950 4190 1027 4247 idem
1056 4188 1192 4246 mentitur
1220 4208 1288 4247 cum

139 4299 206 4356 dicit
231 4298 290 4356 lere
317 4297 426 4355 nullam
449 4299 586 4373 paginam
609 4299 743 4357 editionis
762 4317 845 4357 meae
868 4317 886 4355 a
907 4297 985 4354 salsis
1007 4295 1043 4353 de
1068 4294 1094 4352 0
1115 4297 1288 4355 testimoniis
