2872 5002
228 384 272 446 42
672 378 935 445 CATVLLI

292 575 316 647 β
362 567 407 631 Et
430 564 609 629 insolenter
629 575 769 644 aestues,
791 566 883 631 uelut
906 566 1032 631 minuta
1055 588 1178 651 magno

400 679 571 760 Deprensa
588 678 682 741 nauis
703 678 737 740 in
760 679 851 757 mari,
873 678 1063 744 uesaniente
1085 692 1195 745 uento.

739 973 871 1037 XXVI.

404 1152 508 1226 va,
532 1149 646 1214 uillula
669 1160 781 1215 nostra
804 1171 870 1216 non
891 1150 936 1217 ad
958 1150 1076 1216 Austri

403 1265 518 1328 Flatus
540 1264 693 1346 opposita
716 1274 767 1328 est
790 1284 897 1346 neque
918 1264 961 1327 ad
985 1264 1124 1337 Fauoni,

403 1376 476 1440 Nec
499 1376 587 1439 saeui
611 1375 737 1438 Boreae
759 1383 817 1439 aut
839 1372 1051 1457 Apheliotae,

402 1486 528 1550 Verum
551 1487 594 1549 ad
618 1486 709 1548 milia
729 1485 917 1568 quindecim
940 1494 974 1549 et
995 1485 1165 1549 ducentos.

405 1596 437 1663 0
460 1607 598 1661 uentum
620 1596 809 1659 horribilem
831 1607 931 1679 atque
954 1596 1181 1678 pestilentem!
1366 1619 1380 1670 5

231 1853 270 1906 ed.
292 1864 357 1915 1473
385 1850 515 1901 Arruntius
624 1846 715 1922 ¹¹¹¹.¹¹⁸.³
739 1847 856 1915 Scaliger
963 1846 1053 1900 inuisa
1078 1848 1181 1918 Vulpius
1280 1846 1383 1902 Insulsa

233 1923 309 1975 Conr.
328 1923 358 1973 de
379 1920 450 1972 Attio
563 1912 756 1966 conscrrbrlent
776 1915 1068 1970 ABGGLLa¹La²OVh
1171 1918 1346 1971 conscribilet
1363 1939 1382 1973 a

232 1990 448 2045 conscribentD
506 1986 678 2040 consibillent
691 1988 719 2038 II
787 1986 992 2040 conscribillent
1004 1986 1057 2055 (let
1069 1986 1097 2056 c)
1110 1989 1142 2040 cd
1149 1990 1382 2057 uuigaetLachrn.

233 2065 267 2130 cf.
286 2059 484 2114 conscribillaui
509 2057 743 2111 conscribillarunt
768 2057 836 2110 Nan.
855 2069 884 2126 p.
904 2063 945 2123 82,
971 2058 1078 2111 Lachm
1096 2059 1133 2111 ad
1155 2058 1258 2112 Lucret.
1282 2063 1304 2113 I.
1332 2063 1383 2124 360

232 2131 402 2197 consigillent
414 2130 530 2183 Muretus
636 2128 809 2180 conserillent
822 2129 919 2180 Statius
1025 2129 1222 2194 constrigillent
1238 2133 1317 2183 nescio
1327 2133 1382 2198 quis

232 2205 303 2272 apud
314 2202 427 2253 Vossiunr
522 2198 708 2251 contribillent
721 2199 796 2251 Conr.
808 2199 839 2251 de
850 2199 924 2251 Attio
1023 2199 1201 2252 consecillent
1213 2201 1382 2254 I’roehiichius

233 2271 427 2326 conscribllent
436 2269 539 2335 flagella
551 2269 655 2323 ‘sur-neb.
669 2269 779 2321 Aduers.
791 2269 880 2320 XXV.
895 2285 936 2321 21.

272 2360 312 2395 12.
348 2348 444 2394 entues
457 2340 483 2390 V
589 2339 689 2391 estiues
702 2341 730 2390 A
824 2337 976 2407 aestluesl.
1054 2335 1162 2387 inimica
1176 2338 1414 2394 ABCDGLLa1,

233 2413 282 2467 OV
290 2413 356 2466 abed
425 2411 452 2462 in
465 2409 588 2462 amicicia
599 2410 627 2461 H
696 2409 801 2460 minuta
813 2409 831 2461 h
841 2410 879 2461 ed.
896 2422 972 2473 1473.

272 2500 283 2536 ι
289 2501 313 2549 3.
350 2480 493 2550 Deprensa
506 2481 547 2534 Oh
618 2477 797 2548 Deprehensa
810 2475 1129 2533 Aflccfflwza’tsad.

268 2635 311 2687 nd
326 2634 436 2686 Furium
453 2633 759 2691 ABDGHLLa¹La²aa
795 2638 911 2705 Spatium
928 2637 1002 2690 unius
1016 2654 1104 2690 uersus
1115 2638 1142 2689 r'n
1155 2636 1185 2702 V,
1197 2636 1299 2691 nulium
1310 2639 1337 2691 in
1349 2637 1382 2703 0,

233 2712 279 2765 sed
284 2712 393 2779 =primo
405 2712 489 2762 uersui
495 2709 640 2777 praefixum
652 2707 734 2760 habet.

274 2799 297 2832 1.
334 2787 428 2831 uostra
446 2780 469 2831 O
487 2779 603 2831 Muretus
621 2777 722 2845 Lipsius
741 2777 858 2828 Klotaius
875 2774 996 2843 (Emend.
1015 2775 1111 2829 Catuli.
1120 2788 1150 2846 p.
1165 2775 1212 2844 11)
1230 2778 1381 2832 Schwabius

235 2857 327 2904 uestra
337 2852 376 2902 ed.
396 2865 461 2912 1473
481 2849 598 2919 Ileinsius
710 2853 804 2898 nostra
815 2858 871 2899 cert.
883 2847 960 2914 uulgo
970 2856 995 2898 et
1008 2845 1117 2900 Lachm.
1187 2847 1290 2900 haustri
1303 2849 1358 2902 CH.

273 2937 298 2973 r.
333 2920 417 2971 om.O
486 2913 586 2965 lauonii
603 2915 857 2971 BCDGHLLa¹La²
868 2916 927 2969 abd.

273 3007 296 3054 3.
332 2988 467 3040 borreeC
546 2986 696 3038 borreaeL
783 2986 942 3053 aphilioted
1027 2982 1179 3051 apheliotae
1194 3000 1250 3042 cm.
1263 2990 1380 3045 Klotzio,

235 3059 387 3112 Schwabr'us
405 3057 538 3125 apeliotae
557 3058 633 3125 uulgo
650 3069 674 3109 et
692 3057 800 3109 Lachm.
923 3057 1076 3124 aphelioten
1093 3058 1208 3111 exhibent
1225 3061 1274 3111 duo
1291 3063 1380 3115 radices

232 3131 304 3183 Plini
318 3130 352 3180 H.
365 3129 401 3180 Ν.
414 3128 516 3179 XVIII.
532 3143 591 3191 337,
604 3139 654 3179 tres
669 3130 704 3179 II.
721 3144 778 3192 119.
803 3125 952 3195 ἅφηλιώτης
964 3128 1084 3197 Apuleius
1101 3130 1132 3180 de
1149 3130 1246 3182 Mundo
1257 3150 1279 3182 c.
1292 3132 1380 3197 X111.,

231 3219 386 3269 quamquam
398 3201 424 3250 in
436 3219 457 3250 c.
471 3199 516 3248 XI
525 3198 655 3264 apellotes
667 3197 758 3250 Latine
769 3197 863 3249 dicitur·
982 3198 1145 3265 aphelyoten
1158 3219 1246 3252 uersus
1258 3201 1288 3254 de
1298 3200 1380 3256 Ventis

229 3285 256 3341 p.
272 3287 319 3334 305
334 3272 361 3320 in
374 3269 563 3338 Reifferscheid.
575 3270 612 3320 ed.
625 3268 799 3335 Reliquiarum
813 3268 928 3320 Suetonii.
959 3269 1054 3321 Contra
1066 3268 1196 3334 apeliotes
1208 3271 1305 3338 iegitur·
1315 3275 1383 3342 apud

232 3342 374 3394 Suetonium
387 3341 417 3391 de
427 3339 540 3391 Naturis
552 3340 647 3391 Rerum
656 3350 683 3405 p.
698 3355 748 3402 229
762 3339 913 3407 Reyffersch.
950 3338 1026 3389 ‘Etsi
1040 3340 1140 3390 Graeci
1152 3355 1269 3407 quorum
1282 3343 1382 3409 scripta

231 3411 282 3464 ‘ad
302 3426 350 3461 nos
371 3415 513 3472 uenerunt,
532 3424 594 3460 eum
613 3414 726 3458 uentum
745 3423 828 3475 quern
850 3408 940 3459 Latini
962 3408 1135 3461 subsolanum
1159 3409 1295 3463 uocabant
1323 3411 1380 3465 fere

232 3482 395 3547 ’ἀπηλιώτην
407 3495 461 3530 non
474 3479 622 3546 ἀφηλιὼτην
635 3477 763 3528 uidentur
774 3478 958 3545 appellauisse,
976 3485 1069 3531 tamen
1081 3495 1165 3546 quom
1180 3480 1224 3531 ille
1236 3487 1336 3534 uentus
1353 3484 1380 3535 in

231 3552 409 3604 ‘Latinorum
426 3549 532 3616 scriptis
550 3547 698 3615 apheliotes
716 3548 875 3615 plerumque
891 3549 1049 3615 appelletur,
1067 3549 1157 3602 LatIni
1175 3566 1230 3602 non
1248 3561 1305 3603 tarn
1324 3553 1379 3605 cul·

231 3625 340 3675 ‘torum
354 3622 523 3672 Graecorum
541 3619 659 3684 linguam
678 3633 759 3685 quarn
783 3625 878 3670 nautas
903 3620 1024 3673 Graecos
1041 3619 1089 3689 qui
1112 3636 1188 3674 mare
1211 3621 1380 3676 Adriaticum

231 3691 410 3757 ‘nauigabant
423 3689 551 3742 uidentur
562 3689 649 3742 secuti
661 3688 737 3742 esse!
772 3689 899 3744 Klotzius.

268 3784 294 3827 4.
329 3769 412 3829 atque
425 3759 484 3812 AL.

268 3850 293 3898 5.
330 3833 472 3901 Qentum
483 3830 519 3884 H.
