2872 5002
548 353 797 418 CARMEN
833 353 894 418 XI.

313 542 398 610 Siue
419 543 451 607 in
473 551 640 609 extremos
660 541 843 625 penetrabit
867 542 976 619 Indos,

316 654 413 718 Litus
434 664 471 717 ut
492 646 592 736 longe
610 663 784 718 resonante
807 652 880 715 an

528 763 695 828 Tunditur
717 766 815 839 unda,

315 874 396 940 Siue
417 873 451 938 in
474 875 652 957 Hyrcanos
672 875 869 958 Arabesque
892 872 1020 949 molles,

314 985 378 1050 Seu
400 984 499 1051 Sacas
521 985 762 1069 sagittiferosue
782 985 930 1064 Parthos,

315 1096 395 1163 Siue
417 1117 502 1179 quae
524 1099 805 1181 septemgeminus
827 1097 953 1162 colorat

529 1209 689 1292 Aequora
710 1203 817 1288 Nilus,

314 1317 395 1385 Siue
416 1329 508 1385 trans
528 1319 614 1385 altas
635 1321 805 1404 gradietur
825 1319 941 1402 Alpes,

314 1429 464 1497 Caesaris
486 1433 594 1496 uirens
616 1405 822 1497 monimenta
845 1431 965 1513 magni,
1266 1453 1295 1487 ιο

315 1540 479 1607 Gallicum
504 1541 660 1607 Rhenum
681 1543 870 1607 horribilem
892 1523 1034 1606 insulam
1057 1539 1133 1611 ulti-

530 1675 668 1737 mosque
691 1638 875 1732 Britannos,

315 1762 437 1829 Omnia
458 1764 549 1844 haec,
571 1785 788 1848 quaecunque
809 1766 895 1830 seret
914 1765 1069 1829 uoluntas
1177 1787 1180 1794 ·

183 1925 205 1964 a.
235 1909 389 1974 penetrauit
405 1909 496 1962 codices
567 1910 718 1978 penetrarit
732 1911 794 1964 Ali.
807 1912 940 1965 l.Muret.
1007 1907 1162 1978 penetrabit
1171 1907 1211 1961 ed.
1227 1922 1293 1972 1473

152 1978 277 2033 Guarinus
290 1977 520 2048 uulgeetLachm.

180 2065 204 2114 3.
240 2048 329 2101 Lutus
345 2046 375 2100 h'
456 2054 488 2102 ut
508 2048 607 2103 eoru
689 2055 719 2103 et
736 2048 766 2103 h’
847 2049 894 2103 ubi
913 2060 970 2103 cers.
1053 2049 1134 2114 longe
1153 2048 1200 2100 ubi
1218 2048 1296 2101 littus

145 2118 195 2171 erut
204 2129 266 2172 ante
277 2120 389 2174 Statium
402 2118 509 2174 Marcii.
523 2120 622 2174 Fraebl.
700 2126 732 2173 ut
739 2133 788 2189 pro
801 2119 847 2172 ubi
860 2120 977 2174 Catullus
989 2121 1055 2173 dixit
1066 2133 1163 2173 secutus
1176 2121 1295 2172 Alexan·

142 2189 235 2255 unu,
244 2189 328 2243 Urere.
337 2191 360 2242 1.
372 2206 402 2254 13
416 2189 451 2244 les
461 2191 492 2243 τὸ
505 2190 623 2244 κάταντες
634 2193 711 2243 τοῦτο
723 2191 862 2260 γεώλοφον
874 2187 902 2243 ni
911 2210 940 2243 re
951 2193 1063 2259 μυρῖκαι,
1078 2192 1106 2243 V.
1123 2207 1180 2254 101,
1193 2190 1227 2242 ib.
1246 2206 1293 2254 103

143 2256 199 2313 ποτ’
215 2258 327 2315 ἀντολὰς
343 2259 378 2315 iss
389 2261 405 2312 i
416 2259 544 2328 Φαλσροι,
562 2263 597 2326 cf.
615 2263 679 2327 infr.
697 2261 787 2315 XVII.
808 2277 849 2328 ιο,
868 2261 976 2314 Lachm.
995 2261 1032 2314 ad
1048 2262 1123 2329 Prop.
1143 2262 1187 2313 IV.
1208 2277 1232 2325 a,
1254 2276 1295 2324 31.

143 2344 273 2383 resonans
284 2330 382 2384 Sentius
394 2328 516 2400 Silligr'us.
586 2345 638 2384 coa
649 2328 678 2383 ῥ’
747 2345 795 2404 era
805 2351 833 2387 a.

178 2419 206 2465 4.
242 2398 384 2454 Tenditur
397 2402 426 2452 V.

177 2486 203 2535 5.
239 2469 366 2524 hircanos
384 2472 437 2524 Vae
508 2468 715 2533 ,hirchanosls‘
809 2471 1062 2539 hurcauosdmpr.
1144 2469 1293 2539 arabesque

138 2541 232 2595 cedices
251 2559 334 2594 omnes
351 2543 443 2594 sinceri
457 2551 562 2610 praeter
579 2537 608 2594 θ
688 2539 818 2595 arabasue
833 2540 865 2595 hu
951 2540 1082 2593 arabesue
1101 2540 1242 2608 Wagnerus
1260 2539 1298 2592 ad

141 2611 215 2680 Verg.
227 2612 293 2664 Aen.
308 2613 366 2664 Vll.
378 2613 440 2677 605,
454 2611 575 2664 Schevab.
646 2611 796 2681 arabasque
805 2614 845 2665 ed.
858 2614 905 2664 Pr.
918 2610 993 2680 uulgo
1063 2610 1150 2662 moles
1162 2629 1189 2662 a.

176 2683 203 2735 ⁶.
240 2681 295 2734 Seu
307 2681 355 2735 bcd
442 2683 503 2734 Siue
520 2691 576 2735 cert.
671 2697 747 2749 sagas
761 2678 975 2735 ABDLLa¹Vhd
1073 2696 1154 2746 sagax
1167 2678 1295 2732 CGOHab

140 2747 260 2817 r‘ugash¹
342 2766 417 2804 sacas
428 2751 467 2803 ed.
479 2754 527 2805 Pr.
610 2752 847 2818 sagitiferosueo
931 2749 1131 2819 sagittiferosue
1144 2746 1295 2818 (tosuelst)

140 2816 269 2874 CGHLa'
280 2817 325 2874 h'b
336 2822 375 2874 ed.
388 2824 435 2875 Pr.
445 2822 566 2875 Scheuab.
681 2823 787 2889 sagittis
799 2837 861 2876 eros
873 2842 891 2876 a
1006 2820 1226 2890 sagittiferosque
1238 2831 1294 2874 cett.

140 2888 361 2960 corytilerosque
374 2893 539 2945 Passeratius
551 2896 645 2959 partos
657 2890 747 2947 Ate.

175 2975 202 3024 7.
237 2976 310 3030 quae
333 2958 583 3015 GDGLLa¹La¹abc
600 2963 698 3017 carr·
723 2965 790 3017 Stat.
814 2962 870 3017 Sili.
895 2963 983 3016 Rossb.
1065 2964 1131 3032 qH
1206 2960 1296 3029 quiB

138 3031 348 3102 Phillippensish
417 3047 472 3100 qua
485 3035 536 3098 Vic,
549 3032 725 3099 desererem,
738 3033 848 3103 uulgm
861 3035 968 3087 Lachm.
1023 3034 1171 3088 scordalum
1184 3052 1232 3086 om.
1247 3028 1296 3084 Vrs'

139 3108 249 3170 septem
261 3101 385 3168 geminus
397 3098 504 3155 Bahh¹d
571 3102 685 3167 geminis
697 3104 775 3157 Act.

176 3176 204 3226 8.
240 3171 496 3241 EpraOejirnead
506 3173 634 3227 LXXVI.
650 3190 679 3225 11
753 3173 870 3227 nullusa
941 3171 1058 3228 nillistr.

175 3259 203 3309 9.
241 3242 325 3296 snio
394 3242 462 3295 latas
473 3242 562 3296 urhe.

100 3340 107 3351 ·
178 3328 222 3365 ιο.
259 3313 305 3366 Ad
323 3313 389 3367 hunc
408 3332 510 3366 uersuns
533 3313 666 3381 adscripta
684 3325 744 3368 sunt
761 3317 788 3367 in
810 3316 927 3384 margine
951 3315 975 3368 G
998 3317 1058 3368 item
1082 3317 1108 3367 in
1130 3316 1179 3366 Ven
1200 3312 1294 3364 ‘Hinc

138 3381 272 3436 ‘uidetur
288 3384 363 3451 quod
383 3383 505 3436 Catullus
521 3381 607 3436 fuerit
624 3389 686 3451 post
704 3385 851 3438 Caesarem
873 3399 937 3437 curn
957 3392 1052 3438 tamen
1070 3390 1134 3438 ante
1153 3381 1295 3449 Virgilium

138 3454 189 3508 ‘et
202 3450 333 3506 Ouidium
345 3458 455 3506 constet
465 3469 530 3506 eum
542 3452 641 3507 luisse.¹
712 3454 809 3508 uidens
821 3455 1119 3525 ABGDPthaeupr.
1155 3449 1296 3506 uissensl?

140 3523 313 3577 monimenta
325 3521 423 3577 CGOb'
435 3524 617 3578 Lachmannus

179 3611 222 3648 ιι.
257 3593 401 3646 horribiles
425 3591 654 3647 ABGHLa¹La²V
673 3597 723 3648 Ven
827 3593 1025 3663 horribilesque
1050 3590 1182 3649 DGLOh²
1205 3591 1294 3644 horri-

140 3663 264 3732 bilesque
287 3669 316 3716 et
339 3665 359 3717 d
378 3664 417 3716 ed.
442 3668 489 3718 Pr.
515 3666 613 3718 Statius
732 3664 875 3720 horribiles
899 3672 928 3718 et
951 3685 970 3719 a
995 3666 1110 3734 Scaliger
1134 3666 1203 3716 Voss.
1228 3663 1293 3727 Siti,

141 3746 283 3804 utrumque,
308 3745 336 3789 ut
360 3737 438 3788 dmm
459 3734 656 3803 horribilesque
678 3735 715 3801 in,
736 3738 914 3806 interpolatum
938 3736 972 3788 ab
996 3737 1072 3789 Italis
1096 3732 1294 3800 horribilesque

140 3804 307 3873 ultimosque
326 3804 401 3873 uuhro
418 3815 442 3858 et
464 3806 571 3858 lachm.
638 3804 836 3875 horribilesque
859 3805 951 3858 Celtas
971 3806 1138 3858 Proehlichius
1165 3803 1307 3886 horribile¹

136 3890 324 4067 {fliium
344 3885 408 3998 lim
421 3875 620 3999 iiiiii
627 3874 1042 4014 1.²iuiiih>i„²ltl:i}{
1058 3875 1294 4011 inliniri

159 4015 301 4070 orribilem
313 4031 399 4083 usque
411 4017 445 4069 ad
458 4017 577 4085 coningio
681 4017 840 4070 horribilem
852 4017 965 4069 insulam
977 4036 1029 4085 ego,
1043 4031 1077 4068 ex
1089 4013 1217 4067 horribile
1226 4015 1295 4066 isuli

139 4086 304 4154 ultimosque
322 4098 476 4156 correeptam,
495 4106 551 4141 cuns
568 4089 717 4142 excidissent
736 4089 836 4142 litterae
856 4087 900 4140 uli
917 4097 1021 4156 propter
1038 4090 1189 4153 insequentes
1210 4085 1244 4150 ul,
1266 4097 1294 4139 ut

139 4168 278 4226 superesset
288 4156 449 4209 horribileis.

180 4243 222 4279 ιι.
258 4227 691 4295 mosque—britannosG
764 4231 794 4280 ln
813 4225 865 4280 Oh'
883 4248 906 4281 n.
924 4243 954 4280 ra
973 4228 1059 4296 incr'pie
1077 4229 1111 4280 ab
1129 4224 1293 4294 ultimosque

141 4295 388 4366 (VitimosqueO).
1077 4353 1079 4357 ,

181 4384 222 4433 ¹3·
258 4368 377 4421 Fortasse
403 4383 570 4439 quocunque
712 4367 784 4423 ieret
809 4367 894 4422 den‘
918 4369 956 4423 eci.
981 4371 1028 4423 Pr.
1052 4389 1084 4422 ex
1109 4368 1294 4440 interpolatione

143 4439 279 4494 italorum.
314 4437 387 4492 ferre
400 4439 471 4493 Dllh
548 4445 604 4497 lere
621 4452 677 4494 cett.
