<?xml version="1.0" encoding="UTF-8"?>
<!DOCTYPE html PUBLIC "-//W3C//DTD XHTML 1.0 Transitional//EN"
    "http://www.w3.org/TR/xhtml1/DTD/xhtml1-transitional.dtd">
<html xmlns="http://www.w3.org/1999/xhtml" xml:lang="en" lang="en">
 <head>
  <title>
</title>
<meta http-equiv="Content-Type" content="text/html;charset=utf-8" />
  <meta name='ocr-system' content='tesseract 3.04.00' />
  <meta name='ocr-capabilities' content='ocr_page ocr_carea ocr_par ocr_line ocrx_word'/>
</head>
<body>
  <div class='ocr_page' id='page_1' title='image "./catulliliber00catugoog_0430.png"; bbox 0 0 2872 5002; ppageno 0'>
   <div class='ocr_carea' id='block_1_1' title="bbox 473 285 1203 366">
    <p class='ocr_par' dir='ltr' id='par_1_1' title="bbox 473 285 1203 366">
     <span class='ocr_line' id='line_1_1' title="bbox 473 285 1203 366; baseline -0.003 -2"><span class='ocrx_word' id='word_1_1' title='bbox 473 285 530 364; x_wconf 82' lang='lat' dir='ltr'>AD</span> <span class='ocrx_word' id='word_1_2' title='bbox 558 304 716 366; x_wconf 89' lang='lat' dir='ltr'><strong>XXXVII.</strong></span> <span class='ocrx_word' id='word_1_3' title='bbox 742 326 786 366; x_wconf 90' lang='lat'>10.</span> <span class='ocrx_word' id='word_1_4' title='bbox 1146 305 1203 363; x_wconf 87' lang='lat'>321</span> 
     </span>
    </p>
   </div>
   <div class='ocr_carea' id='block_1_2' title="bbox 10 469 1209 2219">
    <p class='ocr_par' dir='ltr' id='par_1_2' title="bbox 10 469 1209 2219">
     <span class='ocr_line' id='line_1_2' title="bbox 10 469 1206 557; baseline 0 -27"><span class='ocrx_word' id='word_1_5' title='bbox 10 546 13 557; x_wconf 35' lang='grc' dir='ltr'>Ι</span> <span class='ocrx_word' id='word_1_6' title='bbox 52 469 292 532; x_wconf 83' lang='lat' dir='ltr'>emendationem</span> <span class='ocrx_word' id='word_1_7' title='bbox 316 472 555 549; x_wconf 84' lang='lat' dir='ltr'>scopionibus;</span> <span class='ocrx_word' id='word_1_8' title='bbox 585 470 655 530; x_wconf 90' lang='lat' dir='ltr'>nihil</span> <span class='ocrx_word' id='word_1_9' title='bbox 676 473 754 531; x_wconf 90' lang='lat' dir='ltr'>enirn</span> <span class='ocrx_word' id='word_1_10' title='bbox 776 472 813 532; x_wconf 90' lang='lat' dir='ltr'>ad</span> <span class='ocrx_word' id='word_1_11' title='bbox 834 490 896 533; x_wconf 88' lang='lat' dir='ltr'>rem</span> <span class='ocrx_word' id='word_1_12' title='bbox 918 471 1012 549; x_wconf 87' lang='lat' dir='ltr'>aptius</span> <span class='ocrx_word' id='word_1_13' title='bbox 1034 481 1095 531; x_wconf 88' lang='lat' dir='ltr'>erat</span> <span class='ocrx_word' id='word_1_14' title='bbox 1115 487 1206 550; x_wconf 88' lang='lat' dir='ltr'>quam</span> 
     </span>
     <span class='ocr_line' id='line_1_3' title="bbox 52 568 1205 646; baseline 0.003 -20"><span class='ocrx_word' id='word_1_15' title='bbox 52 579 86 626; x_wconf 94' lang='lat' dir='ltr'>ut</span> <span class='ocrx_word' id='word_1_16' title='bbox 97 568 168 627; x_wconf 93' lang='lat' dir='ltr'>uino</span> <span class='ocrx_word' id='word_1_17' title='bbox 179 586 312 629; x_wconf 88' lang='lat' dir='ltr'>marcens</span> <span class='ocrx_word' id='word_1_18' title='bbox 327 569 430 629; x_wconf 88' lang='lat' dir='ltr'>ancilla</span> <span class='ocrx_word' id='word_1_19' title='bbox 440 569 520 628; x_wconf 90' lang='lat' dir='ltr'>ebrio</span> <span class='ocrx_word' id='word_1_20' title='bbox 535 570 734 629; x_wconf 84' lang='lat' dir='ltr'>temulentiam</span> <span class='ocrx_word' id='word_1_21' title='bbox 748 571 928 646; x_wconf 86' lang='lat' dir='ltr'>exprobrans</span> <span class='ocrx_word' id='word_1_22' title='bbox 940 569 1131 646; x_wconf 89' lang='lat' dir='ltr'>scopionibus</span> <span class='ocrx_word' id='word_1_23' title='bbox 1145 568 1205 629; x_wconf 91' lang='lat' dir='ltr'>h.e.</span> 
     </span>
     <span class='ocr_line' id='line_1_4' title="bbox 53 667 1207 745; baseline 0.002 -21"><span class='ocrx_word' id='word_1_24' title='bbox 53 682 178 725; x_wconf 90' lang='lat' dir='ltr'>uuarurn</span> <span class='ocrx_word' id='word_1_25' title='bbox 193 667 332 744; x_wconf 86' lang='lat' dir='ltr'>pediculis</span> <span class='ocrx_word' id='word_1_26' title='bbox 346 677 485 743; x_wconf 84' lang='lat' dir='ltr'>tanquam</span> <span class='ocrx_word' id='word_1_27' title='bbox 503 667 644 744; x_wconf 89' lang='lat' dir='ltr'>penicillis</span> <span class='ocrx_word' id='word_1_28' title='bbox 664 668 768 727; x_wconf 83' lang='lat' dir='ltr'>faciem</span> <span class='ocrx_word' id='word_1_29' title='bbox 790 668 852 726; x_wconf 93' lang='lat' dir='ltr'>eius</span> <span class='ocrx_word' id='word_1_30' title='bbox 875 668 1054 745; x_wconf 84' lang='lat' dir='ltr'>depingeret,</span> <span class='ocrx_word' id='word_1_31' title='bbox 1097 668 1207 727; x_wconf 84' lang='lat' dir='ltr'>OmnIa</span> 
     </span>
     <span class='ocr_line' id='line_1_5' title="bbox 55 764 1209 842; baseline 0.003 -19"><span class='ocrx_word' id='word_1_32' title='bbox 55 765 135 823; x_wconf 83' lang='lat' dir='ltr'>enlm</span> <span class='ocrx_word' id='word_1_33' title='bbox 164 765 211 825; x_wconf 92' lang='lat' dir='ltr'>hic</span> <span class='ocrx_word' id='word_1_34' title='bbox 239 764 276 822; x_wconf 87' lang='lat' dir='ltr'>ad</span> <span class='ocrx_word' id='word_1_35' title='bbox 301 766 469 824; x_wconf 84' lang='lat' dir='ltr'>ebrietatem</span> <span class='ocrx_word' id='word_1_36' title='bbox 494 764 654 825; x_wconf 80' lang='lat' dir='ltr'>reseruntur</span> <span class='ocrx_word' id='word_1_37' title='bbox 676 766 892 842; x_wconf 85' lang='lat' dir='ltr'>‘gustatione</span> <span class='ocrx_word' id='word_1_38' title='bbox 913 765 1058 827; x_wconf 80' lang='lat' dir='ltr'>mirifica</span> <span class='ocrx_word' id='word_1_39' title='bbox 1082 766 1209 826; x_wconf 89' lang='lat' dir='ltr'>initiati</span> 
     </span>
     <span class='ocr_line' id='line_1_6' title="bbox 55 863 1207 942; baseline 0.002 -21"><span class='ocrx_word' id='word_1_40' title='bbox 55 865 163 923; x_wconf 86' lang='lat' dir='ltr'>‘uino</span> <span class='ocrx_word' id='word_1_41' title='bbox 192 864 336 923; x_wconf 88' lang='lat' dir='ltr'>Falerno</span> <span class='ocrx_word' id='word_1_42' title='bbox 365 863 587 924; x_wconf 86' lang='lat' dir='ltr'>inundamur’</span> <span class='ocrx_word' id='word_1_43' title='bbox 619 865 695 924; x_wconf 88' lang='lat' dir='ltr'>‘alii</span> <span class='ocrx_word' id='word_1_44' title='bbox 728 865 820 924; x_wconf 89' lang='lat' dir='ltr'>circa</span> <span class='ocrx_word' id='word_1_45' title='bbox 854 865 959 942; x_wconf 91' lang='lat' dir='ltr'>pedes</span> <span class='ocrx_word' id='word_1_46' title='bbox 994 865 1207 924; x_wconf 87' lang='lat' dir='ltr'>discumben-</span> 
     </span>
     <span class='ocr_line' id='line_1_7' title="bbox 56 960 1208 1040; baseline 0.002 -20"><span class='ocrx_word' id='word_1_47' title='bbox 56 963 163 1021; x_wconf 86' lang='lat' dir='ltr'>‘tium</span> <span class='ocrx_word' id='word_1_48' title='bbox 190 964 299 1040; x_wconf 86' lang='lat' dir='ltr'>sparsi</span> <span class='ocrx_word' id='word_1_49' title='bbox 320 965 487 1035; x_wconf 83' lang='lat' dir='ltr'>iacebant,</span> <span class='ocrx_word' id='word_1_50' title='bbox 509 963 567 1022; x_wconf 90' lang='lat' dir='ltr'>alii</span> <span class='ocrx_word' id='word_1_51' title='bbox 594 960 783 1040; x_wconf 88' lang='lat' dir='ltr'>parietibus</span> <span class='ocrx_word' id='word_1_52' title='bbox 811 962 979 1040; x_wconf 87' lang='lat' dir='ltr'>appliciti,</span> <span class='ocrx_word' id='word_1_53' title='bbox 1007 962 1146 1040; x_wconf 88' lang='lat' dir='ltr'>quidam</span> <span class='ocrx_word' id='word_1_54' title='bbox 1174 964 1208 1022; x_wconf 89' lang='lat' dir='ltr'>iu</span> 
     </span>
     <span class='ocr_line' id='line_1_8' title="bbox 56 1060 1208 1139; baseline 0.003 -21"><span class='ocrx_word' id='word_1_55' title='bbox 56 1061 156 1137; x_wconf 88' lang='lat' dir='ltr'>‘ipso</span> <span class='ocrx_word' id='word_1_56' title='bbox 182 1061 299 1122; x_wconf 91' lang='lat' dir='ltr'>limine</span> <span class='ocrx_word' id='word_1_57' title='bbox 327 1062 520 1121; x_wconf 91' lang='lat' dir='ltr'>coniunctis</span> <span class='ocrx_word' id='word_1_58' title='bbox 547 1063 745 1122; x_wconf 86' lang='lat' dir='ltr'>marcebant</span> <span class='ocrx_word' id='word_1_59' title='bbox 776 1060 964 1139; x_wconf 66' lang='lat' dir='ltr'>capitibus:</span> <span class='ocrx_word' id='word_1_60' title='bbox 993 1061 1128 1121; x_wconf 89' lang='lat' dir='ltr'>lucernae</span> <span class='ocrx_word' id='word_1_61' title='bbox 1156 1061 1208 1121; x_wconf 90' lang='lat' dir='ltr'>de·</span> 
     </span>
     <span class='ocr_line' id='line_1_9' title="bbox 56 1158 1207 1237; baseline 0 -20"><span class='ocrx_word' id='word_1_62' title='bbox 56 1158 158 1231; x_wconf 81' lang='lat' dir='ltr'>lectae,</span> <span class='ocrx_word' id='word_1_63' title='bbox 174 1159 263 1219; x_wconf 85' lang='lat' dir='ltr'>tracta</span> <span class='ocrx_word' id='word_1_64' title='bbox 276 1179 293 1218; x_wconf 88' lang='lat' dir='ltr'>a</span> <span class='ocrx_word' id='word_1_65' title='bbox 308 1160 386 1236; x_wconf 85' lang='lat' dir='ltr'>Syris</span> <span class='ocrx_word' id='word_1_66' title='bbox 406 1159 520 1237; x_wconf 84' lang='lat' dir='ltr'>lagena,</span> <span class='ocrx_word' id='word_1_67' title='bbox 542 1161 645 1220; x_wconf 88' lang='lat' dir='ltr'>ancilla</span> <span class='ocrx_word' id='word_1_68' title='bbox 665 1177 753 1236; x_wconf 91' lang='lat' dir='ltr'>super</span> <span class='ocrx_word' id='word_1_69' title='bbox 767 1169 864 1219; x_wconf 87' lang='lat' dir='ltr'>torum</span> <span class='ocrx_word' id='word_1_70' title='bbox 884 1177 1027 1231; x_wconf 88' lang='lat' dir='ltr'>marcens,</span> <span class='ocrx_word' id='word_1_71' title='bbox 1042 1159 1118 1218; x_wconf 84' lang='lat' dir='ltr'>iures</span> <span class='ocrx_word' id='word_1_72' title='bbox 1131 1167 1207 1218; x_wconf 71' lang='lat' dir='ltr'>&#39;curn</span> 
     </span>
     <span class='ocr_line' id='line_1_10' title="bbox 57 1257 1207 1336; baseline 0 -21"><span class='ocrx_word' id='word_1_73' title='bbox 57 1257 232 1333; x_wconf 89' lang='lat' dir='ltr'>deprehensi</span> <span class='ocrx_word' id='word_1_74' title='bbox 259 1269 357 1317; x_wconf 91' lang='lat' dir='ltr'>essent</span> <span class='ocrx_word' id='word_1_75' title='bbox 378 1259 502 1317; x_wconf 87' lang='lat' dir='ltr'>excitata</span> <span class='ocrx_word' id='word_1_76' title='bbox 525 1269 606 1336; x_wconf 87' lang='lat' dir='ltr'>parte</span> <span class='ocrx_word' id='word_1_77' title='bbox 631 1259 775 1317; x_wconf 90' lang='lat' dir='ltr'>ebriorum</span> <span class='ocrx_word' id='word_1_78' title='bbox 799 1268 950 1317; x_wconf 89' lang='lat' dir='ltr'>stertentes</span> <span class='ocrx_word' id='word_1_79' title='bbox 972 1267 1111 1335; x_wconf 88' lang='lat' dir='ltr'>tanquam</span> <span class='ocrx_word' id='word_1_80' title='bbox 1135 1257 1207 1316; x_wconf 93' lang='lat' dir='ltr'>olim</span> 
     </span>
     <span class='ocr_line' id='line_1_11' title="bbox 57 1354 1207 1432; baseline 0 -19"><span class='ocrx_word' id='word_1_81' title='bbox 57 1354 253 1414; x_wconf 86' lang='lat' dir='ltr'>dormissent¹.</span> <span class='ocrx_word' id='word_1_82' title='bbox 298 1356 492 1432; x_wconf 87' lang='lat' dir='ltr'>Scopiones</span> <span class='ocrx_word' id='word_1_83' title='bbox 516 1355 544 1413; x_wconf 93' lang='lat' dir='ltr'>h.</span> <span class='ocrx_word' id='word_1_84' title='bbox 560 1375 585 1414; x_wconf 92' lang='lat' dir='ltr'>e.</span> <span class='ocrx_word' id='word_1_85' title='bbox 615 1355 765 1431; x_wconf 89' lang='lat' dir='ltr'>pediculos</span> <span class='ocrx_word' id='word_1_86' title='bbox 789 1372 912 1413; x_wconf 88' lang='lat' dir='ltr'>uuarurn</span> <span class='ocrx_word' id='word_1_87' title='bbox 940 1355 1090 1432; x_wconf 86' lang='lat' dir='ltr'>usurpauit</span> <span class='ocrx_word' id='word_1_88' title='bbox 1118 1354 1207 1414; x_wconf 92' lang='lat' dir='ltr'>Colu-</span> 
     </span>
     <span class='ocr_line' id='line_1_12' title="bbox 56 1453 1208 1530; baseline 0 -20"><span class='ocrx_word' id='word_1_89' title='bbox 56 1453 142 1511; x_wconf 90' lang='lat' dir='ltr'>mella</span> <span class='ocrx_word' id='word_1_90' title='bbox 157 1453 209 1510; x_wconf 88' lang='lat' dir='ltr'>XI.</span> <span class='ocrx_word' id='word_1_91' title='bbox 227 1473 274 1528; x_wconf 83' lang='lat'>39.</span> <span class='ocrx_word' id='word_1_92' title='bbox 290 1474 307 1529; x_wconf 83' lang='lat'>3</span> <span class='ocrx_word' id='word_1_93' title='bbox 330 1453 385 1512; x_wconf 88' lang='lat' dir='ltr'>Vbi</span> <span class='ocrx_word' id='word_1_94' title='bbox 399 1455 469 1511; x_wconf 85' lang='lat' dir='ltr'>satis</span> <span class='ocrx_word' id='word_1_95' title='bbox 484 1462 634 1530; x_wconf 76' lang='lat' dir='ltr'>cornegata</span> <span class='ocrx_word' id='word_1_96' title='bbox 654 1460 737 1510; x_wconf 89' lang='lat' dir='ltr'>erunt</span> <span class='ocrx_word' id='word_1_97' title='bbox 755 1454 838 1511; x_wconf 71' lang='lat' dir='ltr'>aona</span> <span class='ocrx_word' id='word_1_98' title='bbox 859 1453 954 1510; x_wconf 78' lang='lat' dir='ltr'>dunr&#39;to</span> <span class='ocrx_word' id='word_1_99' title='bbox 974 1460 1001 1510; x_wconf 88' lang='lat' dir='ltr'>et</span> <span class='ocrx_word' id='word_1_100' title='bbox 1018 1455 1077 1511; x_wconf 79' lang='lat' dir='ltr'>sene</span> <span class='ocrx_word' id='word_1_101' title='bbox 1097 1453 1208 1528; x_wconf 90' lang='lat' dir='ltr'>scopi-</span> 
     </span>
     <span class='ocr_line' id='line_1_13' title="bbox 57 1548 1207 1629; baseline -0.001 -20"><span class='ocrx_word' id='word_1_102' title='bbox 57 1550 181 1609; x_wconf 87' lang='lat' dir='ltr'>onibus</span> <span class='ocrx_word' id='word_1_103' title='bbox 205 1549 427 1628; x_wconf 85' lang='lat' dir='ltr'>(scipionibus</span> <span class='ocrx_word' id='word_1_104' title='bbox 451 1548 551 1629; x_wconf 93' lang='lat' dir='ltr'>codd.)</span> <span class='ocrx_word' id='word_1_105' title='bbox 574 1553 604 1608; x_wconf 91' lang='lat' dir='ltr'>in</span> <span class='ocrx_word' id='word_1_106' title='bbox 629 1551 733 1608; x_wconf 86' lang='lat' dir='ltr'>dolium</span> <span class='ocrx_word' id='word_1_107' title='bbox 758 1552 877 1611; x_wconf 68' lang='lat' dir='ltr'>conrii&#39;to.</span> <span class='ocrx_word' id='word_1_108' title='bbox 920 1549 1037 1609; x_wconf 90' lang='lat' dir='ltr'>Eodem</span> <span class='ocrx_word' id='word_1_109' title='bbox 1061 1550 1207 1610; x_wconf 91' lang='lat' dir='ltr'>uocabulo</span> 
     </span>
     <span class='ocr_line' id='line_1_14' title="bbox 57 1642 1209 1726; baseline 0 -19"><span class='ocrx_word' id='word_1_110' title='bbox 57 1666 126 1708; x_wconf 92' lang='lat' dir='ltr'>usus</span> <span class='ocrx_word' id='word_1_111' title='bbox 141 1659 185 1708; x_wconf 87' lang='lat' dir='ltr'>est</span> <span class='ocrx_word' id='word_1_112' title='bbox 199 1667 252 1726; x_wconf 92' lang='lat' dir='ltr'>pro</span> <span class='ocrx_word' id='word_1_113' title='bbox 266 1649 405 1726; x_wconf 87' lang='lat' dir='ltr'>pediculis</span> <span class='ocrx_word' id='word_1_114' title='bbox 420 1650 553 1726; x_wconf 85' lang='lat' dir='ltr'>asparagi</span> <span class='ocrx_word' id='word_1_115' title='bbox 567 1642 622 1707; x_wconf 87' lang='lat' dir='ltr'>XI.</span> <span class='ocrx_word' id='word_1_116' title='bbox 639 1668 666 1724; x_wconf 80' lang='grc'>3.</span> <span class='ocrx_word' id='word_1_117' title='bbox 683 1653 720 1721; x_wconf 82' lang='grc'>46</span> <span class='ocrx_word' id='word_1_118' title='bbox 737 1647 828 1707; x_wconf 89' lang='lat' dir='ltr'>Stilus</span> <span class='ocrx_word' id='word_1_119' title='bbox 841 1652 983 1725; x_wconf 79' lang='lat' dir='ltr'>asparagi</span> <span class='ocrx_word' id='word_1_120' title='bbox 992 1652 1046 1724; x_wconf 84' lang='lat' dir='ltr'>qui</span> <span class='ocrx_word' id='word_1_121' title='bbox 1061 1651 1209 1708; x_wconf 73' lang='lat' dir='ltr'>nourisdne</span> 
     </span>
     <span class='ocr_line' id='line_1_15' title="bbox 56 1748 1208 1824; baseline 0.001 -20"><span class='ocrx_word' id='word_1_122' title='bbox 56 1749 219 1805; x_wconf 79' lang='lat' dir='ltr'>autumnali</span> <span class='ocrx_word' id='word_1_123' title='bbox 229 1755 344 1824; x_wconf 77' lang='lat' dir='ltr'>tempon</span> <span class='ocrx_word' id='word_1_124' title='bbox 357 1752 490 1819; x_wconf 81' lang='lat' dir='ltr'>nascitur,</span> <span class='ocrx_word' id='word_1_125' title='bbox 505 1768 559 1806; x_wconf 88' lang='lat' dir='ltr'>non</span> <span class='ocrx_word' id='word_1_126' title='bbox 573 1751 662 1806; x_wconf 74' lang='lat' dir='ltr'>omnes</span> <span class='ocrx_word' id='word_1_127' title='bbox 674 1754 715 1806; x_wconf 89' lang='lat' dir='ltr'>est</span> <span class='ocrx_word' id='word_1_128' title='bbox 725 1748 859 1806; x_wconf 86' lang='lat' dir='ltr'>tollendus</span> <span class='ocrx_word' id='word_1_129' title='bbox 875 1748 925 1805; x_wconf 87' lang='lat' dir='ltr'>sed</span> <span class='ocrx_word' id='word_1_130' title='bbox 940 1748 1038 1823; x_wconf 81' lang='lat' dir='ltr'>alr&#39;qua</span> <span class='ocrx_word' id='word_1_131' title='bbox 1054 1758 1129 1823; x_wconf 87' lang='lat' dir='ltr'>pars</span> <span class='ocrx_word' id='word_1_132' title='bbox 1148 1749 1208 1805; x_wconf 83' lang='lat' dir='ltr'>eius</span> 
     </span>
     <span class='ocr_line' id='line_1_16' title="bbox 56 1845 1209 1924; baseline 0.002 -23"><span class='ocrx_word' id='word_1_133' title='bbox 56 1846 86 1902; x_wconf 83' lang='lat' dir='ltr'>in</span> <span class='ocrx_word' id='word_1_134' title='bbox 107 1865 193 1904; x_wconf 86' lang='lat' dir='ltr'>semen</span> <span class='ocrx_word' id='word_1_135' title='bbox 213 1847 391 1905; x_wconf 78' lang='lat' dir='ltr'>submittenda</span> <span class='ocrx_word' id='word_1_136' title='bbox 410 1854 454 1905; x_wconf 89' lang='lat' dir='ltr'>est.</span> <span class='ocrx_word' id='word_1_137' title='bbox 497 1847 605 1905; x_wconf 84' lang='lat' dir='ltr'>Deinde</span> <span class='ocrx_word' id='word_1_138' title='bbox 625 1866 685 1904; x_wconf 78' lang='lat' dir='ltr'>mm</span> <span class='ocrx_word' id='word_1_139' title='bbox 705 1848 815 1921; x_wconf 78' lang='lat' dir='ltr'>spinam</span> <span class='ocrx_word' id='word_1_140' title='bbox 825 1847 935 1924; x_wconf 85' lang='lat' dir='ltr'>fecerit</span> <span class='ocrx_word' id='word_1_141' title='bbox 952 1847 1040 1904; x_wconf 86' lang='lat' dir='ltr'>electis</span> <span class='ocrx_word' id='word_1_142' title='bbox 1060 1845 1209 1904; x_wconf 72' lang='lat' dir='ltr'>seminibus</span> 
     </span>
     <span class='ocr_line' id='line_1_17' title="bbox 58 1941 1208 2023; baseline 0.001 -22"><span class='ocrx_word' id='word_1_143' title='bbox 58 1944 127 2019; x_wconf 85' lang='lat' dir='ltr'>ipsis</span> <span class='ocrx_word' id='word_1_144' title='bbox 154 1947 336 2022; x_wconf 89' lang='lat' dir='ltr'>scopiones</span> <span class='ocrx_word' id='word_1_145' title='bbox 362 1945 579 2023; x_wconf 86' lang='lat' dir='ltr'>(scorpiones</span> <span class='ocrx_word' id='word_1_146' title='bbox 604 1941 702 2022; x_wconf 90' lang='lat' dir='ltr'>codd.)</span> <span class='ocrx_word' id='word_1_147' title='bbox 723 1947 764 2003; x_wconf 88' lang='lat' dir='ltr'>ita</span> <span class='ocrx_word' id='word_1_148' title='bbox 785 1946 831 2002; x_wconf 86' lang='lat' dir='ltr'>uti</span> <span class='ocrx_word' id='word_1_149' title='bbox 847 1950 914 2002; x_wconf 82' lang='lat' dir='ltr'>runt</span> <span class='ocrx_word' id='word_1_150' title='bbox 934 1946 964 2002; x_wconf 86' lang='lat' dir='ltr'>in</span> <span class='ocrx_word' id='word_1_151' title='bbox 984 1964 1033 2002; x_wconf 87' lang='lat' dir='ltr'>suo</span> <span class='ocrx_word' id='word_1_152' title='bbox 1053 1945 1108 2002; x_wconf 90' lang='lat' dir='ltr'>loco</span> <span class='ocrx_word' id='word_1_153' title='bbox 1124 1955 1208 2020; x_wconf 82' lang='lat' dir='ltr'>peru-</span> 
     </span>
     <span class='ocr_line' id='line_1_18' title="bbox 58 2041 1208 2120; baseline 0.003 -22"><span class='ocrx_word' id='word_1_154' title='bbox 58 2043 143 2100; x_wconf 84' lang='lat' dir='ltr'>rendi</span> <span class='ocrx_word' id='word_1_155' title='bbox 166 2048 238 2114; x_wconf 77' lang='lat' dir='ltr'>sunt,</span> <span class='ocrx_word' id='word_1_156' title='bbox 259 2045 308 2103; x_wconf 93' lang='lat' dir='ltr'>ubi</span> <span class='ocrx_word' id='word_1_157' title='bbox 330 2045 516 2120; x_wconf 88' lang='lat' dir='ltr'>scopiones</span> <span class='ocrx_word' id='word_1_158' title='bbox 538 2043 703 2102; x_wconf 86' lang='lat' dir='ltr'>Columella</span> <span class='ocrx_word' id='word_1_159' title='bbox 724 2043 792 2102; x_wconf 86' lang='lat' dir='ltr'>dicit</span> <span class='ocrx_word' id='word_1_160' title='bbox 812 2061 886 2119; x_wconf 91' lang='lat' dir='ltr'>quas</span> <span class='ocrx_word' id='word_1_161' title='bbox 914 2059 1037 2117; x_wconf 89' lang='lat' dir='ltr'>scopas</span> <span class='ocrx_word' id='word_1_162' title='bbox 1062 2041 1208 2101; x_wconf 87' lang='lat' dir='ltr'>Palladius</span> 
     </span>
     <span class='ocr_line' id='line_1_19' title="bbox 56 2137 1208 2219; baseline -0.002 -21"><span class='ocrx_word' id='word_1_163' title='bbox 56 2138 113 2198; x_wconf 91' lang='lat' dir='ltr'>IV.</span> <span class='ocrx_word' id='word_1_164' title='bbox 136 2160 164 2215; x_wconf 87' lang='lat'>9.</span> <span class='ocrx_word' id='word_1_165' title='bbox 189 2160 223 2198; x_wconf 82' lang='lat' dir='ltr'>ra</span> <span class='ocrx_word' id='word_1_166' title='bbox 247 2141 349 2199; x_wconf 82' lang='lat' dir='ltr'>Postea</span> <span class='ocrx_word' id='word_1_167' title='bbox 370 2159 495 2218; x_wconf 90' lang='lat' dir='ltr'>scopas</span> <span class='ocrx_word' id='word_1_168' title='bbox 519 2143 577 2198; x_wconf 78' lang='lat' dir='ltr'>eries</span> <span class='ocrx_word' id='word_1_169' title='bbox 598 2137 760 2219; x_wconf 79' lang='lat' dir='ltr'>(asparagi)</span> <span class='ocrx_word' id='word_1_170' title='bbox 781 2139 912 2197; x_wconf 75' lang='lat' dir='ltr'>ancmdes.</span> <span class='ocrx_word' id='word_1_171' title='bbox 954 2137 1048 2197; x_wconf 89' lang='lat' dir='ltr'>Varro</span> <span class='ocrx_word' id='word_1_172' title='bbox 1070 2137 1107 2198; x_wconf 91' lang='lat' dir='ltr'>R.</span> <span class='ocrx_word' id='word_1_173' title='bbox 1130 2138 1168 2196; x_wconf 90' lang='lat' dir='ltr'>R.</span> <span class='ocrx_word' id='word_1_174' title='bbox 1183 2138 1208 2196; x_wconf 92' lang='lat'>1.</span> 
     </span>
    </p>
   </div>
   <div class='ocr_carea' id='block_1_3' title="bbox 46 2235 1215 3492">
    <p class='ocr_par' dir='ltr' id='par_1_3' title="bbox 46 2235 1215 3492">
     <span class='ocr_line' id='line_1_20' title="bbox 60 2235 1209 2316; baseline -0.003 -20"><span class='ocrx_word' id='word_1_175' title='bbox 60 2251 108 2310; x_wconf 87' lang='lat'>54.</span> <span class='ocrx_word' id='word_1_176' title='bbox 135 2257 150 2296; x_wconf 82' lang='lat' dir='ltr'>a</span> <span class='ocrx_word' id='word_1_177' title='bbox 176 2240 360 2316; x_wconf 88' lang='lat' dir='ltr'>scopiones</span> <span class='ocrx_word' id='word_1_178' title='bbox 387 2258 510 2298; x_wconf 89' lang='lat' dir='ltr'>uuarum</span> <span class='ocrx_word' id='word_1_179' title='bbox 539 2254 666 2313; x_wconf 91' lang='lat' dir='ltr'>scopos</span> <span class='ocrx_word' id='word_1_180' title='bbox 693 2235 827 2313; x_wconf 87' lang='lat' dir='ltr'>appellat.</span> <span class='ocrx_word' id='word_1_181' title='bbox 886 2235 964 2307; x_wconf 84' lang='lat' dir='ltr'>Quae</span> <span class='ocrx_word' id='word_1_182' title='bbox 990 2237 1111 2295; x_wconf 86' lang='lat' dir='ltr'>calcatae</span> <span class='ocrx_word' id='word_1_183' title='bbox 1138 2254 1209 2293; x_wconf 87' lang='lat' dir='ltr'>uuae</span> 
     </span>
     <span class='ocr_line' id='line_1_21' title="bbox 58 2332 1213 2414; baseline -0.002 -22"><span class='ocrx_word' id='word_1_184' title='bbox 58 2341 143 2393; x_wconf 85' lang='lat' dir='ltr'>erunt</span> <span class='ocrx_word' id='word_1_185' title='bbox 167 2356 262 2394; x_wconf 87' lang='lat' dir='ltr'>earum</span> <span class='ocrx_word' id='word_1_186' title='bbox 287 2338 384 2413; x_wconf 91' lang='lat' dir='ltr'>scopi</span> <span class='ocrx_word' id='word_1_187' title='bbox 406 2356 467 2394; x_wconf 89' lang='lat' dir='ltr'>cum</span> <span class='ocrx_word' id='word_1_188' title='bbox 484 2336 629 2414; x_wconf 64' lang='lat' dir='ltr'>fhllieulri*</span> <span class='ocrx_word' id='word_1_189' title='bbox 651 2334 807 2392; x_wconf 70' lang='lat' dir='ltr'>subterendi</span> <span class='ocrx_word' id='word_1_190' title='bbox 823 2332 875 2392; x_wconf 87' lang='lat' dir='ltr'>sub</span> <span class='ocrx_word' id='word_1_191' title='bbox 895 2334 1017 2408; x_wconf 85' lang='lat' dir='ltr'>prelum,</span> <span class='ocrx_word' id='word_1_192' title='bbox 1040 2340 1073 2391; x_wconf 91' lang='lat' dir='ltr'>ut</span> <span class='ocrx_word' id='word_1_193' title='bbox 1090 2335 1120 2392; x_wconf 84' lang='lat' dir='ltr'>si</span> <span class='ocrx_word' id='word_1_194' title='bbox 1140 2334 1213 2408; x_wconf 82' lang='lat' dir='ltr'>quid</span> 
     </span>
     <span class='ocr_line' id='line_1_22' title="bbox 60 2429 1215 2512; baseline -0.001 -22"><span class='ocrx_word' id='word_1_195' title='bbox 60 2435 168 2508; x_wconf 86' lang='lat' dir='ltr'>reliqui</span> <span class='ocrx_word' id='word_1_196' title='bbox 184 2435 304 2493; x_wconf 83' lang='lat' dir='ltr'>habeant</span> <span class='ocrx_word' id='word_1_197' title='bbox 320 2437 407 2493; x_wconf 76' lang='lat' dir='ltr'>nausti</span> <span class='ocrx_word' id='word_1_198' title='bbox 422 2436 603 2512; x_wconf 79' lang='lat' dir='ltr'>exprimatur</span> <span class='ocrx_word' id='word_1_199' title='bbox 624 2433 655 2489; x_wconf 84' lang='lat' dir='ltr'>in</span> <span class='ocrx_word' id='word_1_200' title='bbox 675 2433 785 2490; x_wconf 59' lang='lat' dir='ltr'>eunden</span> <span class='ocrx_word' id='word_1_201' title='bbox 808 2432 907 2491; x_wconf 85' lang='lat' dir='ltr'>lacum.</span> <span class='ocrx_word' id='word_1_202' title='bbox 950 2432 994 2489; x_wconf 93' lang='lat' dir='ltr'>lb.</span> <span class='ocrx_word' id='word_1_203' title='bbox 1017 2431 1056 2490; x_wconf 94' lang='lat' dir='ltr'>II.</span> <span class='ocrx_word' id='word_1_204' title='bbox 1078 2451 1105 2504; x_wconf 92' lang='lat'>4.</span> <span class='ocrx_word' id='word_1_205' title='bbox 1124 2434 1159 2490; x_wconf 91' lang='lat'>16</span> <span class='ocrx_word' id='word_1_206' title='bbox 1175 2429 1215 2489; x_wconf 88' lang='lat' dir='ltr'>Si</span> 
     </span>
     <span class='ocr_line' id='line_1_23' title="bbox 46 2530 1211 2608; baseline -0.002 -19"><span class='ocrx_word' id='word_1_207' title='bbox 46 2533 165 2608; x_wconf 70' lang='lat' dir='ltr'>sandius</span> <span class='ocrx_word' id='word_1_208' title='bbox 193 2534 342 2605; x_wconf 73' lang='lat' dir='ltr'>ministrat,</span> <span class='ocrx_word' id='word_1_209' title='bbox 365 2533 434 2591; x_wconf 87' lang='lat' dir='ltr'>dari</span> <span class='ocrx_word' id='word_1_210' title='bbox 455 2532 542 2590; x_wconf 87' lang='lat' dir='ltr'>solent</span> <span class='ocrx_word' id='word_1_211' title='bbox 559 2533 673 2589; x_wconf 73' lang='lat' dir='ltr'>uinacea</span> <span class='ocrx_word' id='word_1_212' title='bbox 693 2551 728 2589; x_wconf 88' lang='lat' dir='ltr'>ac</span> <span class='ocrx_word' id='word_1_213' title='bbox 748 2530 846 2606; x_wconf 89' lang='lat' dir='ltr'>scopi</span> <span class='ocrx_word' id='word_1_214' title='bbox 866 2549 904 2589; x_wconf 87' lang='lat' dir='ltr'>ex</span> <span class='ocrx_word' id='word_1_215' title='bbox 926 2531 999 2601; x_wconf 89' lang='lat' dir='ltr'>uuis,</span> <span class='ocrx_word' id='word_1_216' title='bbox 1022 2530 1072 2588; x_wconf 91' lang='lat' dir='ltr'>ubi</span> <span class='ocrx_word' id='word_1_217' title='bbox 1094 2530 1211 2589; x_wconf 88' lang='lat' dir='ltr'>codices</span> 
     </span>
     <span class='ocr_line' id='line_1_24' title="bbox 60 2619 1212 2707; baseline -0.003 -19"><span class='ocrx_word' id='word_1_218' title='bbox 60 2631 181 2706; x_wconf 90' lang='lat' dir='ltr'>scopei</span> <span class='ocrx_word' id='word_1_219' title='bbox 194 2631 241 2690; x_wconf 91' lang='lat' dir='ltr'>uel</span> <span class='ocrx_word' id='word_1_220' title='bbox 255 2631 392 2707; x_wconf 88' lang='lat' dir='ltr'>scropei</span> <span class='ocrx_word' id='word_1_221' title='bbox 406 2630 551 2702; x_wconf 84' lang='lat' dir='ltr'>exhibent,</span> <span class='ocrx_word' id='word_1_222' title='bbox 567 2639 596 2688; x_wconf 92' lang='lat' dir='ltr'>et</span> <span class='ocrx_word' id='word_1_223' title='bbox 610 2628 652 2688; x_wconf 89' lang='lat' dir='ltr'>sic</span> <span class='ocrx_word' id='word_1_224' title='bbox 673 2627 749 2688; x_wconf 83' lang='lat' dir='ltr'>C&#39;ato</span> <span class='ocrx_word' id='word_1_225' title='bbox 770 2623 807 2687; x_wconf 87' lang='lat' dir='ltr'>R.</span> <span class='ocrx_word' id='word_1_226' title='bbox 830 2623 866 2687; x_wconf 91' lang='lat' dir='ltr'>R.</span> <span class='ocrx_word' id='word_1_227' title='bbox 887 2619 982 2686; x_wconf 89' lang='lat' dir='ltr'><strong>CXII.</strong></span> <span class='ocrx_word' id='word_1_228' title='bbox 999 2648 1016 2703; x_wconf 85' lang='lat'>3</span> <span class='ocrx_word' id='word_1_229' title='bbox 1035 2626 1107 2685; x_wconf 82' lang='lat' dir='ltr'>Turn</span> <span class='ocrx_word' id='word_1_230' title='bbox 1127 2629 1212 2685; x_wconf 76' lang='lat' dir='ltr'>aciem</span> 
     </span>
     <span class='ocr_line' id='line_1_25' title="bbox 59 2723 1211 2805; baseline -0.001 -20"><span class='ocrx_word' id='word_1_231' title='bbox 59 2730 92 2786; x_wconf 84' lang='lat' dir='ltr'>de</span> <span class='ocrx_word' id='word_1_232' title='bbox 111 2730 176 2787; x_wconf 78' lang='lat' dir='ltr'>uue&#39;s</span> <span class='ocrx_word' id='word_1_233' title='bbox 194 2730 322 2789; x_wconf 83' lang='lat' dir='ltr'>niscellis</span> <span class='ocrx_word' id='word_1_234' title='bbox 338 2730 468 2804; x_wconf 75' lang='lat' dir='ltr'>decerpite</span> <span class='ocrx_word' id='word_1_235' title='bbox 488 2730 520 2786; x_wconf 85' lang='lat' dir='ltr'>de</span> <span class='ocrx_word' id='word_1_236' title='bbox 540 2727 659 2804; x_wconf 91' lang='lat' dir='ltr'>scopio</span> <span class='ocrx_word' id='word_1_237' title='bbox 678 2725 856 2805; x_wconf 88' lang='lat' dir='ltr'>(scopione</span> <span class='ocrx_word' id='word_1_238' title='bbox 878 2723 1065 2804; x_wconf 87' lang='lat' dir='ltr'>Politianus);</span> <span class='ocrx_word' id='word_1_239' title='bbox 1088 2727 1119 2784; x_wconf 87' lang='lat' dir='ltr'>in</span> <span class='ocrx_word' id='word_1_240' title='bbox 1140 2726 1211 2784; x_wconf 80' lang='lat' dir='ltr'>ritem</span> 
     </span>
     <span class='ocr_line' id='line_1_26' title="bbox 60 2824 1213 2903; baseline -0.002 -19"><span class='ocrx_word' id='word_1_241' title='bbox 60 2828 163 2886; x_wconf 79' lang='lat' dir='ltr'>dolium</span> <span class='ocrx_word' id='word_1_242' title='bbox 185 2847 268 2903; x_wconf 82' lang='lat' dir='ltr'>usque</span> <span class='ocrx_word' id='word_1_243' title='bbox 290 2829 354 2886; x_wconf 88' lang='lat' dir='ltr'>dum</span> <span class='ocrx_word' id='word_1_244' title='bbox 377 2828 531 2903; x_wconf 74' lang='lat' dir='ltr'>implereris</span> <span class='ocrx_word' id='word_1_245' title='bbox 552 2827 729 2902; x_wconf 71' lang='lat' dir='ltr'>comprimito</span> <span class='ocrx_word' id='word_1_246' title='bbox 775 2825 835 2883; x_wconf 92' lang='lat' dir='ltr'>Sed</span> <span class='ocrx_word' id='word_1_247' title='bbox 858 2835 1006 2901; x_wconf 89' lang='lat' dir='ltr'>utcunque</span> <span class='ocrx_word' id='word_1_248' title='bbox 1027 2824 1063 2883; x_wconf 92' lang='lat' dir='ltr'>de</span> <span class='ocrx_word' id='word_1_249' title='bbox 1084 2824 1213 2884; x_wconf 91' lang='lat' dir='ltr'>Petronii</span> 
     </span>
     <span class='ocr_line' id='line_1_27' title="bbox 59 2923 1212 3001; baseline -0.003 -16"><span class='ocrx_word' id='word_1_250' title='bbox 59 2926 128 2985; x_wconf 91' lang='lat' dir='ltr'>loco</span> <span class='ocrx_word' id='word_1_251' title='bbox 159 2935 296 2985; x_wconf 89' lang='lat' dir='ltr'>statutum</span> <span class='ocrx_word' id='word_1_252' title='bbox 330 2926 422 2997; x_wconf 89' lang='lat' dir='ltr'>tuerit,</span> <span class='ocrx_word' id='word_1_253' title='bbox 459 2925 588 2984; x_wconf 87' lang='lat' dir='ltr'>Catullus</span> <span class='ocrx_word' id='word_1_254' title='bbox 624 2923 857 3001; x_wconf 90' lang='lat' dir='ltr'>Scopionibus</span> <span class='ocrx_word' id='word_1_255' title='bbox 892 2923 942 2982; x_wconf 82' lang='lat' dir='ltr'>uix</span> <span class='ocrx_word' id='word_1_256' title='bbox 977 2923 1072 3000; x_wconf 92' lang='lat' dir='ltr'>potuit</span> <span class='ocrx_word' id='word_1_257' title='bbox 1106 2923 1212 2982; x_wconf 89' lang='lat' dir='ltr'>dicere.</span> 
     </span>
     <span class='ocr_line' id='line_1_28' title="bbox 60 3021 1213 3100; baseline -0.003 -17"><span class='ocrx_word' id='word_1_258' title='bbox 60 3024 142 3083; x_wconf 92' lang='lat' dir='ltr'>Nihil</span> <span class='ocrx_word' id='word_1_259' title='bbox 168 3024 247 3083; x_wconf 88' lang='lat' dir='ltr'>enirn</span> <span class='ocrx_word' id='word_1_260' title='bbox 274 3024 321 3082; x_wconf 92' lang='lat' dir='ltr'>hic</span> <span class='ocrx_word' id='word_1_261' title='bbox 348 3024 385 3083; x_wconf 93' lang='lat' dir='ltr'>de</span> <span class='ocrx_word' id='word_1_262' title='bbox 413 3023 590 3094; x_wconf 86' lang='lat' dir='ltr'>temulentia,</span> <span class='ocrx_word' id='word_1_263' title='bbox 618 3040 786 3100; x_wconf 89' lang='lat' dir='ltr'>quanquam</span> <span class='ocrx_word' id='word_1_264' title='bbox 821 3022 852 3079; x_wconf 96' lang='lat' dir='ltr'>in</span> <span class='ocrx_word' id='word_1_265' title='bbox 887 3022 1016 3080; x_wconf 90' lang='lat' dir='ltr'>tabernis</span> <span class='ocrx_word' id='word_1_266' title='bbox 1045 3021 1213 3091; x_wconf 83' lang='lat' dir='ltr'>huiusmodi</span> 
     </span>
     <span class='ocr_line' id='line_1_29' title="bbox 60 3120 1215 3199; baseline -0.003 -18"><span class='ocrx_word' id='word_1_267' title='bbox 60 3122 177 3199; x_wconf 85' lang='lat' dir='ltr'>saepius</span> <span class='ocrx_word' id='word_1_268' title='bbox 197 3122 344 3193; x_wconf 87' lang='lat' dir='ltr'>bibebant,</span> <span class='ocrx_word' id='word_1_269' title='bbox 365 3122 402 3181; x_wconf 88' lang='lat' dir='ltr'>cl.</span> <span class='ocrx_word' id='word_1_270' title='bbox 425 3120 526 3198; x_wconf 89' lang='lat' dir='ltr'>Copae</span> <span class='ocrx_word' id='word_1_271' title='bbox 547 3140 649 3181; x_wconf 90' lang='lat' dir='ltr'>uersus</span> <span class='ocrx_word' id='word_1_272' title='bbox 673 3124 731 3198; x_wconf 85' lang='lat'>3—8</span> <span class='ocrx_word' id='word_1_273' title='bbox 753 3120 849 3179; x_wconf 82' lang='lat' dir='ltr'>Ebrr&#39;a</span> <span class='ocrx_word' id='word_1_274' title='bbox 857 3120 981 3195; x_wconf 80' lang='lat' dir='ltr'>fumosa</span> <span class='ocrx_word' id='word_1_275' title='bbox 1001 3120 1088 3178; x_wconf 85' lang='lat' dir='ltr'>saltat</span> <span class='ocrx_word' id='word_1_276' title='bbox 1105 3121 1215 3178; x_wconf 74' lang='lat' dir='ltr'>lasciuo</span> 
     </span>
     <span class='ocr_line' id='line_1_30' title="bbox 57 3218 1214 3297; baseline -0.003 -19"><span class='ocrx_word' id='word_1_277' title='bbox 57 3219 177 3278; x_wconf 85' lang='lat' dir='ltr'>taberna</span> <span class='ocrx_word' id='word_1_278' title='bbox 198 3224 273 3279; x_wconf 64' lang='lat' dir='ltr'>erl.</span> <span class='ocrx_word' id='word_1_279' title='bbox 315 3218 419 3296; x_wconf 91' lang='lat' dir='ltr'>Neque</span> <span class='ocrx_word' id='word_1_280' title='bbox 444 3220 601 3297; x_wconf 91' lang='lat' dir='ltr'>scopiones</span> <span class='ocrx_word' id='word_1_281' title='bbox 625 3235 749 3277; x_wconf 88' lang='lat' dir='ltr'>uuamm</span> <span class='ocrx_word' id='word_1_282' title='bbox 777 3235 945 3295; x_wconf 84' lang='lat' dir='ltr'>quanquam</span> <span class='ocrx_word' id='word_1_283' title='bbox 969 3218 1003 3276; x_wconf 92' lang='lat' dir='ltr'>iis</span> <span class='ocrx_word' id='word_1_284' title='bbox 1028 3218 1117 3277; x_wconf 85' lang='lat' dir='ltr'>iacies</span> <span class='ocrx_word' id='word_1_285' title='bbox 1145 3218 1214 3277; x_wconf 92' lang='lat' dir='ltr'>dor-</span> 
     </span>
     <span class='ocr_line' id='line_1_31' title="bbox 59 3315 1215 3394; baseline -0.003 -18"><span class='ocrx_word' id='word_1_286' title='bbox 59 3318 177 3376; x_wconf 86' lang='lat' dir='ltr'>mientis</span> <span class='ocrx_word' id='word_1_287' title='bbox 191 3318 272 3394; x_wconf 90' lang='lat' dir='ltr'>pingi</span> <span class='ocrx_word' id='word_1_288' title='bbox 293 3318 397 3394; x_wconf 90' lang='lat' dir='ltr'>potuit,</span> <span class='ocrx_word' id='word_1_289' title='bbox 412 3319 481 3376; x_wconf 89' lang='lat' dir='ltr'>satis</span> <span class='ocrx_word' id='word_1_290' title='bbox 503 3336 612 3393; x_wconf 90' lang='lat' dir='ltr'>magna</span> <span class='ocrx_word' id='word_1_291' title='bbox 632 3318 679 3375; x_wconf 91' lang='lat' dir='ltr'>uel</span> <span class='ocrx_word' id='word_1_292' title='bbox 700 3317 779 3376; x_wconf 86' lang='lat' dir='ltr'>clara</span> <span class='ocrx_word' id='word_1_293' title='bbox 799 3334 846 3376; x_wconf 89' lang='lat' dir='ltr'>res</span> <span class='ocrx_word' id='word_1_294' title='bbox 867 3325 900 3375; x_wconf 91' lang='lat' dir='ltr'>ut</span> <span class='ocrx_word' id='word_1_295' title='bbox 921 3315 1027 3376; x_wconf 89' lang='lat' dir='ltr'>Catulli</span> <span class='ocrx_word' id='word_1_296' title='bbox 1048 3317 1148 3375; x_wconf 89' lang='lat' dir='ltr'>usibus</span> <span class='ocrx_word' id='word_1_297' title='bbox 1170 3317 1215 3373; x_wconf 93' lang='lat' dir='ltr'>in·</span> 
     </span>
     <span class='ocr_line' id='line_1_32' title="bbox 59 3414 1213 3492; baseline -0.005 -15"><span class='ocrx_word' id='word_1_298' title='bbox 59 3417 209 3477; x_wconf 82' lang='lat' dir='ltr'>seruIrent</span> <span class='ocrx_word' id='word_1_299' title='bbox 268 3414 348 3476; x_wconf 82' lang='lat' dir='ltr'>Illuc</span> <span class='ocrx_word' id='word_1_300' title='bbox 383 3416 631 3492; x_wconf 89' lang='lat' dir='ltr'>scorpionibus</span> <span class='ocrx_word' id='word_1_301' title='bbox 667 3414 824 3491; x_wconf 89' lang='lat' dir='ltr'>legendum</span> <span class='ocrx_word' id='word_1_302' title='bbox 860 3433 977 3475; x_wconf 89' lang='lat' dir='ltr'>censeo.</span> <span class='ocrx_word' id='word_1_303' title='bbox 1035 3415 1213 3490; x_wconf 90' lang='lat' dir='ltr'>Scorpiones</span> 
     </span>
    </p>
   </div>
   <div class='ocr_carea' id='block_1_4' title="bbox 57 3511 1212 3693">
    <p class='ocr_par' dir='ltr' id='par_1_4' title="bbox 57 3511 1212 3693">
     <span class='ocr_line' id='line_1_33' title="bbox 58 3511 1212 3574; baseline -0.003 0"><span class='ocrx_word' id='word_1_304' title='bbox 58 3517 140 3574; x_wconf 87' lang='lat' dir='ltr'>enirn</span> <span class='ocrx_word' id='word_1_305' title='bbox 162 3513 353 3574; x_wconf 90' lang='lat' dir='ltr'>moechorum</span> <span class='ocrx_word' id='word_1_306' title='bbox 378 3515 495 3574; x_wconf 91' lang='lat' dir='ltr'>sedibus</span> <span class='ocrx_word' id='word_1_307' title='bbox 517 3516 666 3574; x_wconf 91' lang='lat' dir='ltr'>subiectos</span> <span class='ocrx_word' id='word_1_308' title='bbox 691 3513 781 3573; x_wconf 84' lang='lat' dir='ltr'>fuisse</span> <span class='ocrx_word' id='word_1_309' title='bbox 802 3513 889 3573; x_wconf 85' lang='lat' dir='ltr'>docet</span> <span class='ocrx_word' id='word_1_310' title='bbox 910 3512 994 3571; x_wconf 88' lang='lat' dir='ltr'>Plato</span> <span class='ocrx_word' id='word_1_311' title='bbox 1022 3513 1153 3573; x_wconf 86' lang='lat' dir='ltr'>comicus</span> <span class='ocrx_word' id='word_1_312' title='bbox 1181 3511 1212 3571; x_wconf 91' lang='lat' dir='ltr'>in</span> 
     </span>
     <span class='ocr_line' id='line_1_34' title="bbox 57 3611 586 3693; baseline -0.006 -20"><span class='ocrx_word' id='word_1_313' title='bbox 57 3614 181 3673; x_wconf 88' lang='lat' dir='ltr'>Phaone</span> <span class='ocrx_word' id='word_1_314' title='bbox 195 3613 226 3672; x_wconf 83' lang='lat' dir='ltr'>fr.</span> <span class='ocrx_word' id='word_1_315' title='bbox 244 3613 266 3673; x_wconf 93' lang='lat' dir='ltr'>l.</span> <span class='ocrx_word' id='word_1_316' title='bbox 284 3633 318 3672; x_wconf 82' lang='lat' dir='ltr'>ar</span> <span class='ocrx_word' id='word_1_317' title='bbox 336 3613 440 3693; x_wconf 70' lang='grc' dir='ltr'>(Μαίη.</span> <span class='ocrx_word' id='word_1_318' title='bbox 457 3613 497 3673; x_wconf 93' lang='lat' dir='ltr'>II.</span> <span class='ocrx_word' id='word_1_319' title='bbox 514 3611 586 3689; x_wconf 75' lang='lat'>673)</span> 
     </span>
    </p>
   </div>
   <div class='ocr_carea' id='block_1_5' title="bbox 103 3716 1215 4209">
    <p class='ocr_par' dir='ltr' id='par_1_5' title="bbox 103 3716 1215 4209">
     <span class='ocr_line' id='line_1_35' title="bbox 263 3716 931 3796; baseline 0 -20"><span class='ocrx_word' id='word_1_320' title='bbox 263 3723 360 3796; x_wconf 74' lang='grc' dir='ltr'>Τρίγλη</span> <span class='ocrx_word' id='word_1_321' title='bbox 381 3723 403 3777; x_wconf 86' lang='lat' dir='ltr'>d&#39;</span> <span class='ocrx_word' id='word_1_322' title='bbox 424 3724 469 3778; x_wconf 77' lang='grc' dir='ltr'>οὐκ</span> <span class='ocrx_word' id='word_1_323' title='bbox 490 3723 573 3778; x_wconf 68' lang='lat' dir='ltr'>tueha</span> <span class='ocrx_word' id='word_1_324' title='bbox 593 3719 687 3794; x_wconf 77' lang='grc' dir='ltr'><strong><em>νεύρων</em></strong></span> <span class='ocrx_word' id='word_1_325' title='bbox 708 3719 840 3792; x_wconf 63' lang='grc' dir='ltr'>ἐπιήρανος</span> <span class='ocrx_word' id='word_1_326' title='bbox 860 3716 931 3776; x_wconf 78' lang='lat' dir='ltr'>eluat.</span> 
     </span>
     <span class='ocr_line' id='line_1_36' title="bbox 264 3816 1004 3895; baseline 0 -20"><span class='ocrx_word' id='word_1_327' title='bbox 264 3822 397 3895; x_wconf 72' lang='grc' dir='ltr'>Παρθένου</span> <span class='ocrx_word' id='word_1_328' title='bbox 417 3821 566 3893; x_wconf 73' lang='grc' dir='ltr'>Ἀρτεμίδος</span> <span class='ocrx_word' id='word_1_329' title='bbox 584 3821 634 3894; x_wconf 77' lang='grc' dir='ltr'>γὰρ</span> <span class='ocrx_word' id='word_1_330' title='bbox 655 3821 707 3893; x_wconf 66' lang='grc' dir='ltr'>ἔφυ</span> <span class='ocrx_word' id='word_1_331' title='bbox 728 3821 769 3875; x_wconf 78' lang='grc' dir='ltr'>καὶ</span> <span class='ocrx_word' id='word_1_332' title='bbox 789 3816 906 3889; x_wconf 73' lang='grc' dir='ltr'>στύματα</span> <span class='ocrx_word' id='word_1_333' title='bbox 924 3819 1004 3888; x_wconf 79' lang='grc' dir='ltr'><strong><em>μισεῖ.</em></strong></span> 
     </span>
     <span class='ocr_line' id='line_1_37' title="bbox 263 3918 481 3991; baseline 0.005 -18"><span class='ocrx_word' id='word_1_334' title='bbox 263 3919 388 3991; x_wconf 72' lang='grc' dir='ltr'>Σκορπίας</span> <span class='ocrx_word' id='word_1_335' title='bbox 407 3918 481 3974; x_wconf 76' lang='grc' dir='ltr'>αὖ-</span> 
     </span>
     <span class='ocr_line' id='line_1_38' title="bbox 387 4023 1009 4098; baseline 0 -18"><span class='ocrx_word' id='word_1_336' title='bbox 387 4035 416 4084; x_wconf 86' lang='grc' dir='ltr'>Β.</span> <span class='ocrx_word' id='word_1_337' title='bbox 437 4025 538 4082; x_wconf 66' lang='grc' dir='ltr'>παίσας’</span> <span class='ocrx_word' id='word_1_338' title='bbox 560 4049 590 4098; x_wconf 79' lang='grc' dir='ltr'>γε</span> <span class='ocrx_word' id='word_1_339' title='bbox 611 4029 661 4082; x_wconf 80' lang='grc' dir='ltr'>σοῦ</span> <span class='ocrx_word' id='word_1_340' title='bbox 682 4026 726 4079; x_wconf 79' lang='grc' dir='ltr'>τὸν</span> <span class='ocrx_word' id='word_1_341' title='bbox 745 4025 863 4098; x_wconf 81' lang='grc' dir='ltr'><strong><em>πρωκτὸν</em></strong></span> <span class='ocrx_word' id='word_1_342' title='bbox 883 4023 1009 4080; x_wconf 74' lang='grc' dir='ltr'>ὑπελθών.</span> 
     </span>
     <span class='ocr_line' id='line_1_39' title="bbox 103 4123 1215 4209; baseline -0.004 -19"><span class='ocrx_word' id='word_1_343' title='bbox 103 4129 153 4190; x_wconf 89' lang='lat' dir='ltr'>Sic</span> <span class='ocrx_word' id='word_1_344' title='bbox 167 4131 245 4190; x_wconf 90' lang='lat' dir='ltr'>enim</span> <span class='ocrx_word' id='word_1_345' title='bbox 258 4140 327 4209; x_wconf 90' lang='lat' dir='ltr'>post</span> <span class='ocrx_word' id='word_1_346' title='bbox 340 4131 511 4191; x_wconf 86' lang='lat' dir='ltr'>Elmsleium</span> <span class='ocrx_word' id='word_1_347' title='bbox 526 4131 655 4190; x_wconf 88' lang='lat' dir='ltr'>scribunt</span> <span class='ocrx_word' id='word_1_348' title='bbox 669 4129 839 4188; x_wconf 87' lang='lat' dir='ltr'>Dindorfius</span> <span class='ocrx_word' id='word_1_349' title='bbox 851 4137 880 4186; x_wconf 90' lang='lat' dir='ltr'>et</span> <span class='ocrx_word' id='word_1_350' title='bbox 891 4125 1065 4186; x_wconf 90' lang='lat' dir='ltr'>Meinekius.</span> <span class='ocrx_word' id='word_1_351' title='bbox 1088 4123 1215 4185; x_wconf 88' lang='lat' dir='ltr'>Codices</span> 
     </span>
    </p>
   </div>
   <div class='ocr_carea' id='block_1_6' title="bbox 56 4254 1217 4476">
    <p class='ocr_par' dir='ltr' id='par_1_6' title="bbox 56 4254 1217 4476">
     <span class='ocr_line' id='line_1_40' title="bbox 94 4254 1217 4322; baseline -0.004 -15"><span class='ocrx_word' id='word_1_352' title='bbox 94 4260 104 4291; x_wconf 89' lang='lat'><strong>¹</strong></span> <span class='ocrx_word' id='word_1_353' title='bbox 121 4262 235 4309; x_wconf 81' lang='lat' dir='ltr'>Dissenrit</span> <span class='ocrx_word' id='word_1_354' title='bbox 251 4262 280 4309; x_wconf 88' lang='lat' dir='ltr'>de</span> <span class='ocrx_word' id='word_1_355' title='bbox 297 4261 399 4310; x_wconf 86' lang='lat' dir='ltr'>Petronii</span> <span class='ocrx_word' id='word_1_356' title='bbox 415 4261 468 4308; x_wconf 93' lang='lat' dir='ltr'>loco</span> <span class='ocrx_word' id='word_1_357' title='bbox 482 4261 568 4308; x_wconf 88' lang='lat' dir='ltr'>Munro</span> <span class='ocrx_word' id='word_1_358' title='bbox 581 4259 717 4322; x_wconf 78' lang='lat' dir='ltr'>(Oriticisms</span> <span class='ocrx_word' id='word_1_359' title='bbox 729 4258 778 4306; x_wconf 83' lang='lat' dir='ltr'>and</span> <span class='ocrx_word' id='word_1_360' title='bbox 788 4256 947 4304; x_wconf 83' lang='lat' dir='ltr'>Elucidations</span> <span class='ocrx_word' id='word_1_361' title='bbox 958 4272 981 4318; x_wconf 88' lang='lat' dir='ltr'>p.</span> <span class='ocrx_word' id='word_1_362' title='bbox 994 4254 1040 4304; x_wconf 88' lang='lat'>116</span> <span class='ocrx_word' id='word_1_363' title='bbox 1051 4255 1121 4318; x_wconf 83' lang='lat' dir='ltr'>sqq).</span> <span class='ocrx_word' id='word_1_364' title='bbox 1141 4254 1217 4303; x_wconf 86' lang='lat' dir='ltr'>Idem·</span> 
     </span>
     <span class='ocr_line' id='line_1_41' title="bbox 56 4335 1216 4407; baseline -0.005 -15"><span class='ocrx_word' id='word_1_365' title='bbox 56 4360 108 4407; x_wconf 88' lang='lat' dir='ltr'>que</span> <span class='ocrx_word' id='word_1_366' title='bbox 125 4358 168 4404; x_wconf 88' lang='lat' dir='ltr'>pro</span> <span class='ocrx_word' id='word_1_367' title='bbox 186 4345 348 4405; x_wconf 86' lang='lat' dir='ltr'>sopionibus</span> <span class='ocrx_word' id='word_1_368' title='bbox 366 4344 497 4394; x_wconf 81' lang='lat' dir='ltr'>emeudauit</span> <span class='ocrx_word' id='word_1_369' title='bbox 516 4345 680 4405; x_wconf 80' lang='lat' dir='ltr'>pusionibus</span> <span class='ocrx_word' id='word_1_370' title='bbox 698 4341 760 4401; x_wconf 93' lang='lat' dir='ltr'>quod</span> <span class='ocrx_word' id='word_1_371' title='bbox 777 4355 806 4387; x_wconf 86' lang='lat' dir='ltr'>ex</span> <span class='ocrx_word' id='word_1_372' title='bbox 823 4341 892 4401; x_wconf 82' lang='lat' dir='ltr'>Apul.</span> <span class='ocrx_word' id='word_1_373' title='bbox 910 4339 942 4387; x_wconf 85' lang='lat' dir='ltr'>ix.</span> <span class='ocrx_word' id='word_1_374' title='bbox 961 4346 984 4400; x_wconf 81' lang='lat'>7,</span> <span class='ocrx_word' id='word_1_375' title='bbox 1000 4339 1063 4387; x_wconf 82' lang='lat' dir='ltr'>Cael.</span> <span class='ocrx_word' id='word_1_376' title='bbox 1075 4352 1114 4387; x_wconf 81' lang='lat' dir='ltr'>xv.</span> <span class='ocrx_word' id='word_1_377' title='bbox 1128 4335 1161 4400; x_wconf 72' lang='lat'>³6</span> <span class='ocrx_word' id='word_1_378' title='bbox 1176 4338 1216 4386; x_wconf 86' lang='lat' dir='ltr'>uix</span> 
     </span>
     <span class='ocr_line' id='line_1_42' title="bbox 56 4425 367 4476; baseline -0.006 0"><span class='ocrx_word' id='word_1_379' title='bbox 56 4427 118 4476; x_wconf 80' lang='lat' dir='ltr'>satis</span> <span class='ocrx_word' id='word_1_380' title='bbox 130 4425 249 4474; x_wconf 79' lang='lat' dir='ltr'>defensum</span> <span class='ocrx_word' id='word_1_381' title='bbox 261 4427 367 4475; x_wconf 84' lang='lat' dir='ltr'>arbitror.</span> 
     </span>
    </p>
   </div>
   <div class='ocr_carea' id='block_1_7' title="bbox 630 4526 646 4564">
    <p class='ocr_par' dir='ltr' id='par_1_7' title="bbox 630 4526 646 4564">
     <span class='ocr_line' id='line_1_43' title="bbox 630 4526 646 4564; baseline 0 0"><span class='ocrx_word' id='word_1_382' title='bbox 630 4526 646 4564; x_wconf 83' lang='lat' dir='ltr'>Y</span> 
     </span>
    </p>
   </div>
   <div class='ocr_carea' id='block_1_8' title="bbox 0 0 1446 5002">
    <p class='ocr_par' dir='ltr' id='par_1_8' title="bbox 0 0 1446 5002">
     <span class='ocr_line' id='line_1_44' title="bbox 0 0 1446 5002; baseline 0 0"><span class='ocrx_word' id='word_1_383' title='bbox 0 0 1446 5002; x_wconf 95' lang='lat' dir='ltr'> </span> 
     </span>
    </p>
   </div>
  </div>
 </body>
</html>
