2872 5002
23 4366 128 4415 h...

130 119 149 174 ii
522 114 885 175 PROLEGOMENA.

135 317 169 374 17
193 318 266 357 nunc
286 298 358 368 DG,
379 315 433 354 nom
458 296 489 355 T
491 318 504 365 ,·
523 298 680 373 ‘commtla'le
698 295 771 366 DG,
793 300 939 355 conuertiu
958 295 989 354 T
991 316 1006 364 ,¹
1030 314 1078 367 πο,
1101 299 1139 356 26
1161 298 1223 372 quis

132 399 183 473 qui
201 395 288 461 DG,·
312 415 348 468 24
368 395 501 453 credelziu
529 393 562 465 Τ,
586 394 726 454 crudelius
747 394 834 463 DG,·
860 397 897 452 26
917 396 1065 454 sucumdzbr
1084 394 1119 466 T,
1137 395 1241 453 eumad

132 494 196 554 DG
206 516 219 562 ,·
244 497 280 552 28
295 513 363 569 quae
379 493 412 564 T,
427 512 479 569 quo
492 491 579 560 DG,·
602 507 640 566 35
655 503 754 568 eospem
772 491 805 565 T,
824 495 924 552 eosdem
938 493 1003 554 BG
1011 516 1026 562 ;
1050 497 1089 569 36
1104 495 1146 552 ad
1159 495 1232 552 lucet

132 600 164 651 at
181 594 246 650 libet
265 590 351 660 DG,·
375 610 413 662 4ο
430 591 573 648 conuolsus
589 588 622 660 Τ,
644 597 773 648 contusus
787 590 874 658 DG,·
897 611 933 664 41
957 611 1035 668 quem
1055 593 1178 650 mulcent
1196 613 1247 650 aur

124 692 230 767 firmat
248 688 321 754 DG,
336 689 524 764 quaemulcens
543 689 698 764 aumfirma
718 686 765 756 T‚·
792 707 828 760 42
852 688 976 747 oblauere
1000 689 1175 765 Zoplauere
1195 688 1250 750 Du

135 804 174 862 50
196 787 351 862 Nunquam
375 806 403 843 se
422 787 536 843 extollit
552 805 701 860 numquam
727 788 817 844 meum
837 788 936 845 educat
961 787 1034 859 DG,
1062 787 1229 865 Numquam

132 888 246 944 extollit
264 904 347 961 quam
368 868 513 941 mudleam
534 884 619 941 ducas
633 884 680 951 T,·
704 898 739 957 51
757 885 893 962 deflectens
906 884 980 957 DG,
995 885 1156 962 perflectens
1174 884 1205 943 T
1206 906 1222 955 ,·
1244 905 1257 959 5

133 980 525 1054 acolue1·eT,coluereDG,·
552 983 591 1038 60
610 1001 702 1056 equam
720 981 752 1055 T,
768 1002 834 1059 equo
847 982 899 1051 D,·
927 986 965 1058 63
989 982 1085 1042 Terina
1099 986 1198 1059 patra
1211 994 1259 1058 pau

133 1089 174 1139 est
185 1083 251 1138 data
265 1081 349 1138 tertia
369 1077 506 1150 matriT,
525 1079 621 1137 Tertia
637 1090 709 1155 pars
725 1083 809 1156 patri
827 1083 903 1153 data,
915 1091 988 1156 pars
1007 1082 1074 1140 data
1095 1084 1181 1139 tertia
1200 1087 1263 1139 malt

133 1178 207 1237 BG.

176 1277 221 1334 Ex
237 1275 281 1333 his
296 1274 433 1352 pleraque
450 1274 521 1333 nihil
540 1274 647 1334 diuersi
663 1275 771 1334 habent
788 1285 903 1352 praeter
919 1276 1175 1353 orthographiam
1198 1295 1269 1353 quae

137 1377 203 1436 dam
227 1383 294 1432 sunt
318 1374 473 1446 eiusmodi,
498 1384 530 1432 ut
558 1375 596 1431 ab
620 1374 726 1432 eodem
750 1373 824 1432 libro
853 1373 978 1433 describi
1002 1375 1052 1432 uix
1076 1375 1232 1450 potuerint,
1255 1392 1272 1433 u

135 1479 217 1531 cerus
231 1485 258 1529 .t.
272 1477 348 1541 certe,
368 1473 522 1529 conzme'tlz'ie
541 1473 693 1541 conueriile,
714 1471 857 1529 conuolncs
876 1480 1012 1542 contusus,
1033 1472 1156 1529 acoluere
1175 1473 1275 1531 coluere

136 1571 191 1628 nisi
219 1569 292 1627 lorte
320 1579 472 1645 utramque
500 1568 655 1627 lectionem
683 1568 783 1627 habuit
809 1569 857 1628 hic
885 1570 965 1640 liber,
991 1587 1115 1646 quarum
1143 1568 1278 1628 alteruis

137 1667 340 1734 Thuanaeum,
354 1656 442 1723 altera
456 1665 485 1723 in
501 1677 614 1725 ceteros
633 1666 751 1724 codices
770 1668 910 1743 peruenit
953 1666 1029 1726 Illud
1049 1667 1148 1743 potius
1170 1667 1267 1726 iudico
1277 1688 1281 1737 3

138 1764 263 1822 scribam
278 1762 403 1839 aliquem
417 1781 453 1820 ex
467 1763 502 1821 iis
516 1763 566 1838 qui
585 1781 653 1821 eum
672 1763 897 1840 descripserunt,
912 1763 984 1823 haec
1005 1773 1054 1822 aut
1075 1765 1114 1823 ab
1135 1764 1193 1823 alio
1214 1764 1284 1822 libro

138 1864 168 1920 in
190 1879 275 1920 suum
296 1859 445 1936 exemplar
465 1861 603 1932 intulisse,
623 1870 672 1920 aut
693 1879 745 1935 per
766 1879 893 1920 errorem
915 1863 1092 1922 immutasse.
1135 1860 1287 1934 Quantum

139 1970 237 2018 autem
262 1958 372 2017 scribae
397 1959 563 2028 errauerint,
588 1958 651 2034 ipse
676 1957 855 2018 Thoanaeus
880 1960 991 2034 optime
1015 1968 1143 2018 testatur.
1197 1959 1289 2018 Cuius

140 2074 251 2114 errores
273 2056 298 2114 si
319 2065 452 2114 accurate
473 2057 609 2131 perpensi
628 2055 741 2127 luerint,
761 2057 873 2115 facilius
894 2057 1075 2132 intellegetur
1094 2059 1189 2135 qualis
1207 2057 1289 2117 fuerit

140 2156 165 2212 is
186 2154 265 2212 unde
286 2153 397 2228 etipse
419 2153 599 2213 Thuanaeus
620 2165 649 2213 et
671 2154 758 2213 ceteri
772 2154 893 2214 deriuati
917 2167 984 2215 sunt
1006 2154 1144 2216 codicem
1187 2156 1290 2232 Itaque

142 2251 359 2310 confunduntur
378 2252 409 2311 in
430 2249 461 2308 T

346 2432 374 2501 b,
390 2449 425 2507 ps
487 2431 690 2508 memorapsile
704 2455 735 2484 =
748 2430 937 2490 memorabile

346 2560 374 2616 p,
390 2542 409 2600 d
485 2560 606 2617 eospem
620 2566 651 2594 =
664 2543 786 2601 eosdem

347 2669 376 2727 p,
391 2663 402 2709 t
487 2653 550 2728 apsi
563 2676 594 2703 =
607 2653 661 2711 atsi

348 2780 370 2829 s,
385 2772 396 2818 t
488 2762 619 2820 mulcens
631 2785 663 2814 =
676 2762 802 2822 mulcent

349 2872 397 2940 tui,
413 2890 452 2947 pu
488 2875 618 2948 tuiguare
631 2895 662 2924 =
677 2892 806 2949 pugnare

349 2999 374 3050 e,
389 3001 409 3040 u
490 2983 630 3042 credellus
643 3008 674 3035 =
688 2984 832 3043 crudelius

350 3093 379 3155 it.
395 3111 413 3150 a
491 3093 555 3151 solit
569 3116 600 3145 =
614 3095 676 3153 sola

351 3204 369 3272 i,
384 3216 395 3260 t
490 3215 582 3264 certes
597 3215 624 3263 .l.
637 3228 669 3256 =
682 3216 787 3264 certest

150 3370 268 3429 Horum
292 3378 359 3428 sunt
380 3359 455 3445 quae
477 3369 514 3427 ad
535 3371 660 3428 maiores
680 3369 776 3430 literas
797 3370 948 3431 referenda
967 3374 1101 3433 uidentur
1108 3392 1116 3447 ;
1147 3384 1179 3432 ut
1201 3394 1296 3434 mema-

149 3469 253 3544 rapsile
277 3487 313 3526 ex
338 3465 467 3527 confusis
492 3466 523 3536 B,
547 3462 577 3540 Β,
598 3480 698 3544 eospem
719 3487 755 3527 ex
777 3465 845 3539 Pb,
867 3470 957 3528 APSI
978 3489 1015 3529 ex
1036 3468 1108 3545 'l'P;
1141 3483 1239 3532 cetera
1261 3491 1297 3531 ex

148 3565 319 3625 minusculis
338 3577 541 3642 prouenerunt.
583 3566 670 3625 Vnde
688 3568 796 3627 mixtae
811 3569 944 3627 uidentur
958 3568 1046 3628 fuisse
1060 3570 1186 3629 maiores
1201 3571 1297 3628 mino·

149 3681 253 3741 resque
281 3663 396 3736 literae;
431 3661 512 3740 quod
540 3665 713 3724 confirmant
740 3666 828 3723 etiam
857 3667 957 3743 reliqui
986 3667 1111 3737 codices,
1140 3669 1297 3744 praecipue

150 3761 291 3822 Datanus.
333 3760 393 3821 Hic
410 3761 488 3820 enim
507 3761 601 3821 codex
621 3780 800 3840 quamquam
816 3775 940 3823 exeunte
960 3766 1078 3824 saeculo
1093 3764 1151 3822 XV
1166 3765 1298 3841 scriptus,

184 3980 265 4029 1Νοιι
284 3980 338 4030 dico
354 3981 506 4043 archetypou,
523 3982 585 4043 quod
605 3983 679 4043 ipsum
696 3981 785 4046 paginis
807 3979 836 4030 16
856 3997 970 4039 uersuum,
989 3984 1026 4045 (ut
1044 3991 1124 4044 postea
1142 3984 1301 4031 demonstrare

152 4062 273 4123 consitor.)
284 4063 323 4112 ced
339 4063 405 4111 nullis
420 4064 508 4111 omissis
521 4064 622 4112 uersibus
636 4063 774 4125 descriptum
787 4073 828 4112 est.
862 4065 949 4113 Contra
963 4067 987 4112 in
998 4081 1027 4113 eo
1038 4066 1099 4113 unde
1109 4065 1154 4112 orti
1165 4073 1219 4113 suut
1229 4063 1304 4113 ΜΤ

151 4146 261 4195 amula
271 4153 334 4194 certe
344 4145 475 4195 exciderant
485 4155 538 4209 post
548 4162 572 4196 u.
584 4160 623 4210 3²·
