2872 5002
143 347 181 406 xii
600 345 843 407 PRAEFATIO.

140 527 262 586 liberam
276 546 350 588 esse.
374 527 453 587 Nam
468 528 604 589 aLXIV.
620 535 677 602 284
689 532 727 589 ad
740 530 848 589 CXVI.
862 534 879 587 8
895 530 923 587 h.
935 549 958 587 e.
972 530 1000 586 in
1012 528 1190 607 octoginta!

141 634 245 711 uiginti
264 644 332 694 octo
355 644 447 694 errata
470 638 630 706 numeram,
654 648 682 694 et
705 656 741 694 ex
764 637 809 694 his
828 637 899 712 ipsis
918 636 1000 710 parui
1025 634 1117 693 multa
1136 649 1190 695 no.

140 741 246 801 nullius
266 743 413 813 momenti,
428 760 453 800 e.
463 760 490 818 g.
507 743 631 800 hesterno
644 743 720 818 fines
741 742 885 818 Lycaonia
905 743 950 798 ali
967 748 1114 815 contempta
1125 738 1190 819 fia

138 855 241 906 esterno
251 849 326 924 finis
347 849 466 906 lt'coomia
485 849 540 906 alli
557 855 658 924 cote‘pla
670 849 771 924 flama.
815 847 873 906 Sed
895 847 1034 907 lectorem
1056 845 1190 907 morati!¹

139 956 182 1014 eis
197 973 272 1031 quae
287 955 316 1012 in
330 954 386 1013 hac
400 973 480 1013 noua
494 954 623 1014 editione
645 954 800 1013 emendata
821 963 907 1013 sunt:
930 963 1043 1011 tantum
1065 954 1134 1013 dico
1153 950 1190 1015 od

141 1059 293 1120 Behrensii
314 1061 451 1130 editione,
475 1062 609 1138 quamuis
630 1071 744 1137 praeter
762 1059 891 1118 Onnum
909 1059 1111 1131 Gcontulent,
1127 1058 1190 1121 omi

143 1164 330 1238 Ononnulla
342 1167 482 1225 nonnulla
497 1167 569 1225 falso
580 1167 669 1225 etiam
683 1168 732 1224 ubi
743 1185 790 1224 me
802 1166 971 1242 corrigebat,
983 1165 1086 1224 tradita
1101 1165 1190 1227 fuisse

142 1273 262 1332 subicio.

267 1377 320 1438 IV.
384 1400 411 1454 9.
434 1381 506 1440 sinia
524 1379 557 1446 0,
572 1400 625 1439 mm
640 1387 672 1438 ut
683 1380 771 1438 Behr.
787 1381 869 1438 sima.

251 1484 320 1542 XII.
384 1506 409 1560 9.
434 1487 477 1545 sui
494 1484 528 1557 O,
543 1505 596 1543 non
611 1493 645 1543 ut
655 1485 744 1544 Behr.
759 1488 814 1546 sin.

224 1589 322 1648 XXII.
367 1611 413 1650 20.
435 1593 505 1652 siuis
522 1591 556 1663 0,
571 1595 644 1668 quod
654 1594 778 1669 neglexit
790 1592 878 1650 Behr.

223 1696 319 1755 XXV.
385 1718 411 1757 2.
433 1700 572 1757 moricula
590 1698 624 1770 0,
639 1719 692 1758 non
706 1707 739 1757 ut
749 1699 838 1757 Behr.
854 1699 1002 1757 moricilla.

371 1824 414 1863 12.
437 1806 554 1864 inimica
572 1804 605 1877 O,
621 1824 674 1863 non
688 1813 720 1863 u!
730 1804 819 1864 Belr.
834 1806 959 1865 iminica.

211 1910 323 1968 XXXI.
371 1931 415 1983 14.
439 1910 545 1970 Ridere
563 1910 597 1983 O,
613 1932 666 1970 non
680 1919 713 1969 ul
723 1910 811 1970 Behr.
828 1911 942 1970 Ridete.

197 2016 322 2075 XXXV.
369 2031 413 2092 17.
435 2017 537 2077 docior
554 2016 588 2088 0,
603 2039 657 2076 non
671 2020 773 2077 dotior.

181 2123 416 2191 XXXV1.1,20.
438 2124 494 2184 Bis
514 2127 561 2183 hic
581 2128 692 2183 errauit
710 2125 799 2184 Bchr.
835 2125 914 2184 Nam
934 2126 965 2183 in
989 2145 1000 2182 1
1022 2124 1143 2183 Ohabe!
1161 2131 1190 2187 stt

468 2250 521 2289 non
535 2250 589 2291 suo
603 2233 706 2302 uolusi‚
722 2233 753 2289 in
770 2251 808 2291 20
821 2232 900 2302 lusio
911 2251 964 2289 non
980 2232 1052 2290 lusii.

168 2334 326 2394 XXXVII.
391 2357 417 2412 3.
439 2338 600 2396 mentualas
619 2337 650 2409 O,
666 2357 719 2395 non
734 2343 764 2396 ut
777 2337 865 2397 Bekr.
879 2339 1048 2397 mentuales.

371 2463 414 2500 12.
437 2463 525 2521 quam
541 2442 586 2522 (q)
594 2456 651 2520 pro
664 2456 806 2521 quantum
825 2443 857 2516 0,
872 2446 946 2520 quod
956 2447 1082 2522 neglexi!
1093 2445 1182 2506 Behr.

144 2547 317 2607 XXXVIII.
336 2564 363 2624 5,
387 2563 413 2624 7.
436 2551 614 2610 alocucionis
633 2551 666 2622 0,
681 2571 734 2608 non
749 2551 931 2611 alocutionis

177 2655 319 2715 XXXIX.
366 2659 410 2714 16.
436 2658 496 2716 risti
513 2657 547 2728 0,
562 2677 616 2717 non
630 2666 663 2717 ut
674 2657 762 2716 Behr.
778 2659 843 2717 risu.

213 2760 324 2819 XLIII.
390 2777 415 2835 7.
437 2768 580 2839 copantur
597 2763 630 2833 0,
646 2783 698 2820 non
713 2771 746 2820 ut
757 2763 846 2822 Behr.
861 2775 1041 2841 compantur.

231 2865 322 2924 XLV.
390 2887 414 2925 1.
437 2870 587 2944 septimios
605 2867 639 2941 0,
653 2889 706 2927 non
720 2878 752 2927 ut
764 2869 850 2928 Belr.
866 2872 1023 2946 septinnos.

367 2993 413 3031 21.
436 2976 597 3051 septumius
610 2977 657 3033 uel
668 2987 829 3051 septunuus
847 2975 880 3047 0,
895 2996 948 3034 non
964 2979 1131 3054 septimuus.

211 3077 319 3138 XLVI.
388 3099 411 3137 1.
434 3082 501 3157 equi
516 3083 649 3140 noctialis
667 3081 700 3152 O,
714 3084 789 3158 quod
798 3085 889 3141 omzit't
901 3082 990 3142 Behr.

291 3185 323 3245 L.
371 3206 416 3247 10.
438 3194 529 3247 sonos
546 3186 578 3260 0,
594 3208 647 3247 non
663 3207 793 3249 somnos.

244 3291 326 3351 L111.
389 3309 415 3367 5.
439 3275 566 3355 dsertum
585 3295 617 3354 ο.

231 3399 327 3459 LVII.
391 3422 418 3475 9.
440 3403 642 3477 puellullarum
659 3401 693 3475 O,
708 3424 760 3462 non
775 3405 973 3482 puellulamm.

239 3504 320 3565 LXI.
363 3521 412 3582 57.
434 3509 590 3583 puelullam
608 3508 641 3582 0,
656 3531 709 3568 non
724 3512 878 3587 puelulam.

366 3616 413 3672 62.
436 3616 527 3674 Fama
545 3615 578 3687 0,
593 3618 666 3693 quod
676 3621 802 3696 neglexi!
813 3619 903 3678 Bchr.

224 3719 317 3779 LXII.
364 3740 409 3795 29.
432 3723 552 3782 uinxere
571 3722 604 3795 0,
620 3744 673 3784 non
687 3726 815 3785 iunxere.

366 3832 414 3887 28.
436 3814 535 3888 thiasis
554 3829 585 3901 0,
601 3850 655 3888 non
670 3833 783 3891 thiasis

365 3955 414 4010 49.
435 3948 610 4013 magestates
629 3939 661 4010 0,
677 3959 729 3997 non
744 3947 777 3997 ut
786 3939 874 3999 Belr.
887 3951 1078 4019 magestatem
1092 3964 1097 4000 :
1113 3943 1190 4002 eoden

465 4046 596 4120 emptum
609 4053 650 4103 est
661 4046 802 4106 medullas
817 4047 925 4107 LXVI.
943 4069 990 4124 23,
1006 4050 1040 4110 C.
1058 4063 1083 4124 7.

367 4151 415 4208 68.
437 4145 549 4210 minist‘t
566 4150 599 4222 O,
614 4171 667 4209 non
681 4154 820 4213 ministra.

367 4258 414 4329 87.
436 4256 554 4317 bumida
571 4256 605 4331 0,
620 4260 693 4334 quod
702 4261 827 4337 neglexit
838 4260 925 4321 Behr.
