2872 5002
635 388 692 450 DE
719 388 982 452 PARTITIONE

478 565 523 616 νῦν
543 561 566 615 δ’
586 560 614 616 ἕν
633 560 758 616 πύλαισιν
778 559 867 617 Alre'ar
887 561 902 612 ὅ
922 558 968 628 τῆς
988 556 1049 612 θεοῦ

476 660 585 732 πάρεστ’
606 659 647 716 ἐπ’
669 660 745 729 ὤμου
764 657 851 730 πατέρ’
873 657 940 729 ἔχων
960 651 1093 726 κεραυνίου

478 760 558 812 νώτου
579 759 765 825 καταστάζοντα
784 754 914 822 βύσσινον
934 755 1028 826 φόροι.

479 859 566 911 κυκλεῖ
586 857 613 910 δι’
634 859 721 912 πᾶσαν
740 857 843 910 οἰκετῶν
862 851 1035 923 παμπληθίαν·

480 957 649 1022 συυοπάζσαι
668 955 697 1008 δι’
716 953 815 1022 πλῆθος
835 949 891 1022 οὐχ’
913 949 977 1004 ὅσον
997 949 1079 1003 δοκεῖς

480 1051 505 1107 οἳ
523 1052 598 1121 τῆσδ’
620 1053 699 1124 ι’ρῶσι
719 1054 764 1120 τῆς
786 1047 901 1105 ἀποικίαι
921 1051 1038 1119 Φρυγῶν.

236 1267 360 1328 quorum
380 1267 518 1310 uersuum
539 1252 653 1311 tertium
674 1251 799 1311 afferens
820 1245 992 1308 Plutarchus
1014 1242 1090 1303 Mor.
1112 1262 1141 1320 p.
1160 1259 1218 1299 100
1239 1239 1278 1311 D,
1300 1256 1389 1317 quem

236 1349 335 1408 locum
345 1349 414 1408 citat
423 1347 583 1421 Nauclrius,
594 1351 663 1410 dicit
676 1357 721 1406 τοῦ
735 1352 763 1406 δὲ
771 1346 898 1422 Ἀγχίσου
912 1346 942 1400 τὸ
956 1349 1032 1413 σῶμα
1046 1343 1128 1414 ἰχῶρα
1141 1341 1248 1412 ποιηρὸν
1259 1339 1388 1408 &fetidam

235 1464 254 1506 a
277 1449 350 1506 Ioue
371 1446 477 1506 scilicet
500 1447 649 1522 luhninati,
672 1448 754 1525 quod
777 1444 901 1504 Veneris
926 1441 1115 1501 concubitum
1139 1456 1192 1516 per
1216 1437 1320 1495 uinum
1344 1442 1389 1492 est

236 1546 368 1605 elocutus
377 1542 470 1623 (Hyg.
480 1544 603 1623 XCIV).
625 1547 732 1606 Merito
742 1547 827 1622 igitur
837 1541 983 1602 Anchises
992 1541 1136 1616 ingratum
1147 1548 1216 1595 onus
1225 1533 1327 1613 (Prop.
1336 1532 1388 1591 IV.

240 1660 265 1701 1.
284 1662 331 1717 43,
347 1641 436 1717 Verg.
451 1643 526 1702 Aen.
543 1644 580 1703 11.
597 1646 665 1719 634,
687 1647 796 1718 γορ-8,
813 1656 880 1715 723,
898 1653 966 1715 729,
987 1641 1056 1708 804,
1070 1636 1167 1694 Aetna
1187 1636 1246 1709 ⁶39
1266 1627 1390 1708 Munro)

237 1739 339 1798 dicitur
353 1758 370 1797 a
384 1739 511 1799 Catullo:
534 1743 638 1802 merito
657 1743 735 1801 idem
756 1740 901 1800 inducitur
920 1739 951 1795 in
973 1736 1039 1794 loco
1059 1735 1109 1793 ubi
1127 1734 1164 1792 de
1184 1732 1307 1790 deorum
1321 1746 1389 1788 cum

236 1836 404 1895 hominibus
418 1839 575 1897 concubitu
593 1858 691 1900 sermo
712 1850 764 1899 est
794 1837 852 1897 Sed
873 1846 903 1894 et
921 1834 1031 1893 idcirco
1049 1841 1162 1910 poterat
1180 1848 1244 1888 esse
1263 1828 1311 1885 hic
1329 1828 1389 1884 An-

237 1932 333 1992 chises
351 1936 515 2006 memorari,
535 1936 616 2014 quod
637 1948 709 1997 teste
731 1936 875 2013 Dionysio
892 1935 952 2007 ιιερὶ
971 1933 1115 2004 Ῥητορικῆς
1128 1929 1152 1987 I.
1173 1930 1190 1985 6
1209 1926 1294 2003 quasi
1308 1943 1389 1983 com-

237 2031 333 2089 munis
354 2032 436 2091 locus
460 2044 521 2093 erat
542 2037 657 2113 nuptias
679 2033 907 2112 praedicantium
929 2028 1054 2088 Veneris
1075 2037 1104 2086 et
1124 2025 1274 2084 Anchisae
1297 2042 1389 2094 amor,

237 2126 315 2185 unde
336 2140 421 2188 natus
442 2142 519 2190 esset
539 2131 661 2209 insignis
682 2133 789 2209 pietate
812 2133 939 2199 Aeneas,
961 2127 1011 2202 qui
1032 2144 1069 2184 ne
1089 2124 1251 2183 inualidum
1275 2132 1390 2199 patrem

237 2222 390 2297 desereret,
412 2226 474 2303 ipse
495 2230 602 2288 umeris
624 2231 684 2289 suis
705 2229 853 2288 sublatum
874 2225 982 2284 eduxit.
1027 2222 1074 2282 Sic
1096 2222 1175 2281 enim
1196 2238 1296 2280 rursus
1318 2238 1390 2278 con·

237 2323 342 2381 texitur
355 2335 504 2385 amantum
522 2328 648 2386 incertus
669 2345 760 2397 amor,
780 2327 856 2385 fidus
877 2324 1053 2399 coniugum:
1077 2320 1157 2397 quod
1179 2329 1241 2377 toto
1261 2318 1390 2378 carmine

238 2417 369 2480 Catullus
391 2432 457 2481 ante
479 2423 593 2484 fecerat.
635 2423 738 2484 Naxus
760 2424 817 2482 loci
838 2422 903 2482 talis
924 2420 1019 2498 potuit
1033 2436 1106 2478 esse.
1149 2416 1300 2475 ‘Ferenda
1319 2416 1390 2473 mihi

238 2521 245 2547 ‘
261 2530 328 2577 sunt
343 2518 417 2578 furta
431 2519 563 2593 Lesbiae,
578 2540 646 2581 curn
666 2522 743 2580 Iuno
759 2520 839 2580 Iouis
854 2518 994 2578 adulteria
1013 2518 1154 2594 patienter
1169 2513 1248 2573 ferat.
1279 2516 1318 2573 At
1335 2532 1389 2572 nec

238 2615 394 2677 ‘homines
422 2637 490 2676 cum
518 2619 562 2678 dis
590 2619 782 2697 comparandi
804 2617 881 2697 sunt,
904 2635 960 2675 nec
982 2614 1130 2674 Catullum
1153 2612 1237 2671 decet
1265 2612 1389 2671 Lesbiae

239 2717 246 2743 ‘
261 2713 382 2773 nimium
394 2716 486 2774 irasci.
516 2717 680 2776 Hominum
691 2717 787 2793 potius
803 2714 907 2774 faciam
923 2731 971 2771 me
980 2730 1098 2788 parem:
1122 2729 1192 2769 nam
1206 2720 1234 2769 et
1246 2710 1390 2769 Anchises

239 2815 348 2869 ‘ausus
363 2813 399 2870 de
413 2812 536 2872 Veneris
555 2834 654 2873 amore
675 2815 790 2890 gloriari
805 2830 934 2891 poenam
957 2810 1020 2869 tulit
1040 2827 1058 2867 a
1077 2809 1150 2867 Ioue
1171 2809 1245 2866 ictus
1261 2809 1388 2866 fulmine.

239 2912 247 2937 ‘
262 2907 366 2985 Neque
375 2929 442 2968 eum
455 2923 551 2970 tamen
563 2914 691 2971 coniunx
704 2932 756 2971 sua
768 2912 824 2971 dea
836 2910 976 2970 destituit:
992 2909 1073 2967 cuius
1082 2906 1195 2965 monitu
1204 2902 1327 2987 [Conon
1338 2901 1388 2987 46]

240 3008 247 3034 ¹
261 3006 377 3065 Aeneas
387 3007 478 3067 Troia
488 3011 588 3069 exiens
597 3011 756 3069 inualidum
771 3029 846 3069 aeuo
858 3020 972 3085 patrem
986 3007 1079 3066 noluit
1089 3006 1229 3074 deserere,
1241 3017 1271 3064 et
1285 3005 1389 3064 umeris

239 3102 247 3130 ‘
262 3102 389 3161 leuatum
405 3124 505 3164 secum
520 3107 600 3166 tulit'

279 3199 348 3258 Dixi
363 3202 392 3259 in
407 3202 625 3280 Prolegomenis
647 3225 682 3264 err
697 3206 855 3282 archetypo
875 3202 1040 3263 octodecim
1060 3218 1162 3259 uersus
1176 3218 1276 3259 erasos
1290 3201 1388 3259 uideri.

240 3296 307 3355 Hos
322 3317 382 3357 non
405 3312 470 3360 ante
490 3304 617 3362 diuidere
632 3305 792 3381 poterimus
807 3323 895 3380 quam
916 3318 1054 3360 uersuum
1075 3317 1228 3357 numemm
1243 3302 1274 3358 in
1288 3299 1388 3359 ceteris

240 3397 370 3471 partibus
401 3399 611 3476 collegerimus.
662 3402 700 3459 Et
732 3421 779 3460 uu.
809 3421 887 3474 1-40
917 3401 975 3458 iam
1007 3398 1132 3457 uidimus
1165 3397 1195 3454 in
1225 3416 1260 3469 ιι
1290 3415 1324 3456 ra
1354 3415 1386 3468 14

240 3495 341 3565 scindi,
356 3496 434 3555 unde
449 3498 502 3557 hos
518 3518 654 3559 numeros
669 3500 697 3557 in
712 3499 823 3576 reliquo
839 3499 966 3558 carmine
981 3495 1105 3554 ualuisse
1121 3513 1238 3553 censeo.

281 3592 413 3652 Medium
441 3598 576 3655 carminis
606 3597 723 3667 faciunt,
745 3610 776 3654 ut
797 3597 865 3667 dixi,
887 3614 988 3655 uersus
1015 3594 1051 3652 de
1076 3591 1168 3652 fratris
1189 3604 1282 3651 morte
1305 3589 1390 3669 (91)-

240 3690 335 3768 (roo).
366 3692 432 3753 Hos
447 3697 624 3771 praecedunt
639 3706 667 3754 et
682 3707 818 3754 secuntur
831 3713 933 3753 uersus
948 3695 984 3751 de
999 3692 1090 3750 Troia
1105 3692 1245 3767 quaterni.
1276 3691 1388 3749 Harum

240 3787 362 3847 duarum
379 3800 523 3864 περικοπῶν
543 3794 666 3868 priorem
687 3790 840 3871 (87)-(9ο)
862 3791 1040 3870 praecedunt
1059 3810 1093 3862 14
1116 3808 1216 3848 uersus
1238 3786 1389 3868 (73)-(86)

240 3885 278 3943 de
301 3886 461 3947 Laudamia
475 3889 529 3967 (sic
543 3890 692 3948 Vsenerus
707 3891 904 3967 Westphalius
925 3887 1013 3966 ego);
1036 3888 1142 3946 deinde
1167 3905 1203 3944 22
1227 3887 1264 3945 de
1285 3886 1390 3946 Lesbia

240 3983 355 4043 Catullo
370 3987 546 4063 A11i0‚quos
567 4007 635 4046 cum
649 3988 782 4048 Vsenero
804 3991 834 4048 in
855 4009 888 4047 12
910 4008 945 4046 ιο
967 3989 1030 4064 ipse
1052 3986 1215 4055 diuiseram,
1233 4003 1270 4043 ιο
1292 4004 1309 4042 a
1327 3981 1389 4063 (63)

241 4080 278 4138 ad
292 4081 367 4161 (73),
387 4103 421 4140 12
444 4082 542 4162 a(5r)
556 4087 593 4144 ad
613 4088 694 4164 (62);
721 4107 773 4146 eos
793 4086 969 4146 antecedunt
989 4087 1018 4143 in
1039 4084 1189 4144 codicibus
1211 4100 1338 4153 nouem;
1361 4093 1389 4140 ut

240 4176 373 4239 Vsenero
397 4180 578 4258 Westphalio
607 4184 750 4262 plerisque
778 4184 882 4262 placet,
908 4184 1030 4255 decem;
1066 4193 1097 4241 ut
1121 4181 1200 4251 mihi,
1226 4181 1389 4240 duodecim.

242 4275 341 4334 Plures
355 4278 433 4335 enim
454 4298 514 4339 uno
536 4300 621 4341 uersu
643 4283 785 4342 excidisse
806 4283 874 4340 inde
896 4282 1003 4358 colligo
1024 4281 1106 4357 quod
1122 4281 1252 4356 plerique
1274 4280 1390 4339 codices

241 4371 349 4431 habent
368 4374 424 4434 hoc
445 4377 510 4438 loco
531 4381 576 4438 uel
596 4381 662 4455 defit
681 4379 726 4438 uel
747 4380 844 4455 deficit,
863 4379 943 4455 quod
963 4397 1024 4438 non
1043 4379 1138 4438 solent
1154 4378 1193 4435 ibi
1211 4396 1322 4455 ponere
1342 4377 1393 4435 ubi

241 4487 316 4530 unus
336 4483 447 4534 tantum
475 4497 576 4539 uersus
603 4480 724 4555 perierit
768 4477 883 4537 Deinde
904 4478 1007 4536 melius
1036 4477 1077 4537 sic
1104 4486 1268 4553 aequantur
1296 4485 1389 4554 partes
