2872 5002
456 389 820 452 PROLEGOMENA.
1164 394 1213 452 xix

56 556 128 616 tilius
149 555 329 617 celeberrimi
350 561 418 632 ut'ri,
441 558 599 619 Petrarcae
618 561 740 636 inquam,
761 578 838 635 quem
859 559 937 618 nobis
957 557 1127 617 subtractum
1148 576 1210 630 esse,

52 656 156 734 gloriae
181 663 276 715 tamen
302 664 360 716 tarn
384 665 486 717 eertum
510 665 644 735 quantum
661 663 750 734 potest
769 658 891 718 bumana
919 659 1019 716 rudecto
1042 655 1211 732 deprehendi,

56 754 156 812 nobste
164 756 241 833 sero
261 762 289 813 et
307 758 419 816 metrico
437 758 571 833 opusculo,
590 758 665 832 quod
684 755 824 815 absoluere
843 759 894 816 cito
913 764 947 815 ut
962 757 1055 815 uellem
1071 755 1211 829 impedior,

56 852 188 911 lamentor
208 859 237 910 et
246 852 315 928 fleo,
329 852 430 911 haberi
443 863 522 930 posse
542 854 656 929 confidis
676 854 721 911 uel
739 861 772 912 ut
788 873 863 912 meus
883 856 923 912 sit
940 855 986 912 uel
1004 860 1037 912 ut
1054 852 1215 927 exemplari

56 957 136 1026 queat
147 951 280 1026 deprecor
293 958 327 1009 ut
330 960 474 1028 procures.
521 951 666 1012 Catullum
683 971 760 1027 quem
780 953 858 1011 credo
873 963 998 1030 paruum
1018 951 1142 1010 libellum
1161 955 1214 1008 aut

57 1048 244 1123 exemplatum
257 1056 310 1108 aut
320 1049 532 1126 exemplandum
545 1067 612 1126 rogo
624 1051 781 1108 transmitte
794 1093 801 1108 .
817 1095 824 1108 .
840 1095 847 1110 .
862 1095 869 1110 .
887 1049 1027 1110 Ciceronis
1040 1049 1166 1125 epistolas
1180 1055 1213 1106 ut

58 1147 134 1204 altas
154 1148 228 1206 dixi
245 1166 335 1206 omnes
355 1148 450 1206 uellem
470 1152 497 1206 et
511 1147 582 1206 libri
598 1151 774 1224 quantitatem
795 1168 862 1226 roga
880 1158 972 1208 notam
982 1149 1095 1225 stertas.
1136 1144 1211 1204 Illas

56 1244 166 1301 circiter
179 1243 245 1303 LX
258 1248 329 1320 ‘quas
341 1243 441 1302 habere
452 1251 477 1302 te
490 1245 561 1302 dice's
570 1246 658 1303 nescio
671 1264 710 1303 on
724 1247 754 1303 in
767 1248 922 1305 continuato
932 1257 1008 1322 opere
1017 1265 1056 1303 an
1066 1250 1211 1320 excerptas

59 1341 160 1400 babeas
175 1349 258 1419 atque
277 1344 397 1413 delectas,
410 1348 438 1400 et
448 1343 505 1401 e'deo
517 1343 636 1402 arbitrio
649 1351 695 1403 tuo
707 1345 858 1403 dimiserim
879 1345 1016 1421 numquid
1033 1344 1150 1402 illarum
1170 1360 1211 1398 me

57 1440 126 1499 uelis
160 1460 217 1500 esse
238 1442 408 1518 participem
464 1439 624 1501 Florentiae
650 1441 743 1501 XXI
764 1442 933 1502 Decembris.
985 1440 1098 1501 Habuit
1124 1441 1211 1518 igitur

61 1536 195 1614 Properti
209 1538 378 1616 exemplum
393 1537 544 1612 Petrarca;
566 1538 669 1599 Catulli
689 1541 714 1600 si
736 1539 846 1613 habuit,
860 1541 967 1600 mirum
981 1538 1062 1617 quod
1082 1537 1152 1597 nihil
1172 1538 1210 1597 de

59 1652 95 1694 eo
118 1636 193 1695 dixit
217 1635 364 1697 Colucius.
405 1636 466 1695 Ant
489 1636 571 1696 latuit
591 1637 742 1698 Petrascae
763 1639 937 1715 exemplum,
960 1648 1010 1698 aut
1029 1636 1160 1696 carmina
1179 1636 1210 1693 in

59 1732 155 1791 alieno
169 1733 245 1793 libro
259 1734 375 1811 legerat.

98 1830 224 1892 Ineunte
244 1843 276 1892 ut
296 1834 411 1893 uidetur
429 1833 545 1893 saeculo
558 1853 597 1892 xv
617 1833 733 1894 ¹Xicho
753 1833 934 1893 Polentonus
954 1834 986 1892 in
1006 1832 1158 1909 Epitboma
1179 1834 1210 1890 in

56 1932 222 2006 scriptorum
247 1932 400 1991 illustrium
424 1933 528 1991 latinae
551 1933 665 2008 linguae
689 1930 776 2010 (uitas
800 1933 945 2010 suppleuit
973 1950 1078 1991 manus
1107 1928 1211 2007 altera)

59 2026 142 2086 Harl.
167 2030 257 2105 4769,
278 2031 328 2106 qui
348 2030 419 2089 liber
440 2031 617 2109 perscriptus
638 2041 683 2091 est
703 2032 750 2091 die
772 2031 847 2089 XXI
868 2030 932 2090 Iulii
949 2034 1037 2106 1438,
1050 2031 1124 2089 haec
1141 2030 1211 2089 dicit

58 2125 106 2184 lib.
125 2125 166 2184 ΙΙ.
184 2145 214 2203 p.
231 2145 270 2202 30
278 2125 303 2185 b,
346 2126 421 2187 Fuit
437 2128 563 2187 Emiltits
583 2127 687 2187 Macer
715 2129 883 2188 Veronensis.
928 2128 999 2187 Fuit
1017 2135 1211 2187 conterraneus

58 2225 118 2282 eius
136 2224 264 2283 Valerios
279 2224 418 2285 Catullus.
439 2225 506 2284 bello
515 2226 563 2284 bic
574 2227 658 2284 ciuili
667 2226 741 2302 quod
751 2227 782 2283 in
796 2225 929 2284 Marium
940 2225 1021 2301 Sylla
1027 2228 1116 2302 gessit
1127 2232 1211 2284 natus

56 2329 97 2380 est
115 2322 243 2382 Veronae.
285 2323 369 2383 Diem
382 2344 447 2384 uero
466 2326 524 2400 ipso
543 2327 574 2384 in
591 2327 689 2384 aetatis
700 2325 784 2402 stare,
800 2327 972 2402 trigesimum
985 2324 1084 2400 agebat
1095 2342 1209 2394 annum,

58 2423 156 2497 exegit
175 2419 291 2480 Romae.
339 2420 443 2480 Poema
470 2441 550 2482 seeum
580 2422 697 2481 habetur
723 2440 809 2480 unum
836 2422 878 2480 ad
904 2421 1061 2482 Cornelium
1093 2420 1210 2480 Gallum
1287 2493 1291 2500 Ι

58 2520 230 2593 inscriptum.
285 2518 484 2596 Epithalami‘a
515 2526 584 2578 suut
614 2520 694 2578 rebus
728 2521 873 2578 amatoriis
903 2525 929 2575 et
959 2519 1087 2576 losczuti's
1115 2517 1208 2592 plena.

60 2614 207 2674 Feminam
220 2618 359 2692 quandam
372 2618 421 2676 cui
432 2635 528 2675 uerum
544 2615 645 2677 Clodia
658 2635 752 2675 nortun
765 2621 827 2673 erat
837 2614 967 2673 Lesbiam
982 2617 1089 2672 nomme
1107 2619 1210 2673 mutato

64 2720 90 2771 et
96 2715 181 2792 salso
201 2722 289 2788 uocat,
305 2717 465 2794 eanquue
484 2716 572 2776 basci's
592 2716 687 2774 multis
707 2714 820 2772 mt'lc'becs
833 2714 932 2772 bastot.
975 2711 1034 2791 (Ci.
1049 2710 1113 2772 Cat.
1127 2711 1165 2783 V,
1182 2726 1209 2786 7,

61 2813 140 2886 ro.)¹

89 3005 98 3034 ¹
115 3006 185 3054 Xiclei
200 3007 324 3055 Polemoni
342 3023 436 3056 suorum
456 3015 583 3070 umporum
599 3006 748 3055 litmatissimi
765 3006 821 3062 uiri,
836 3021 895 3068 quae
912 3009 982 3054 uerba
999 3015 1053 3054 sunt
1072 3004 1209 3067 Hieronymi

62 3087 200 3150 Sqnarnafici
215 3089 361 3137 Alexandrini
379 3090 404 3137 in
422 3089 519 3150 epistula
538 3089 567 3135 ad
584 3089 712 3136 Antonium
732 3088 854 3135 Seracbum
872 3087 1076 3148 Archiepiscopum
1093 3086 1209 3135 Corinthi·

57 3186 145 3227 misem,
160 3172 269 3231 impressa
288 3172 313 3219 in
333 3171 379 3218 fine
395 3171 446 3219 libri
463 3186 525 3218 anno
539 3179 602 3234 1477
619 3171 676 3218 editi
692 3169 803 3230 Venetiis,
822 3171 963 3218 continentis
980 3180 1057 3217 antem
1079 3170 1209 3233 fragmenta

57 3253 151 3300 tuoni
162 3253 258 3300 Pediani
272 3255 491 3301 commentitiorum
503 3253 526 3300 in
538 3253 656 3301 Ciceronis
672 3255 795 3308 orationes,
806 3252 883 3312 qualia
898 3251 982 3312 scripta
999 3260 1054 3300 sunt
1066 3252 1088 3298 in
1103 3253 1182 3299 codice
1194 3266 1208 3296 a

56 3335 147 3400 Poggio
160 3344 253 3397 reperto
268 3337 293 3383 in
308 3336 451 3385 Monasterio
467 3336 545 3384 Sancti
561 3336 623 3384 Galli
639 3350 710 3398 prope
722 3335 891 3390 constentiam,
906 3335 1097 3382 Dissertationem
1113 3334 1208 3397 Georgii

55 3415 208 3465 Trabanntii
219 3419 249 3464 de
260 3417 357 3466 artificio
366 3418 530 3466 Ciceronianae
541 3419 653 3465 orationis
664 3433 706 3479 pro
717 3418 807 3478 Quinto
816 3417 917 3481 Ligario,
925 3417 1099 3478 Inquisitionem
1112 3416 1208 3464 Antonii

55 3498 140 3546 Lnschi
157 3499 273 3560 superii!
289 3500 404 3548 orationes
419 3501 544 3557 OEceronis,
558 3501 671 3548 Xichonis
686 3500 807 3548 Polentoni
822 3509 957 3564 argumenta
972 3514 1038 3560 snper
1056 3500 1144 3560 aliquot
1158 3514 1209 3546 ora·

56 3583 158 3629 tionibus
175 3590 199 3629 et
215 3583 335 3630 inuectus
352 3583 477 3631 Ciceronis.
511 3583 575 3630 Nota
593 3592 630 3632 est
645 3583 756 3630 Xichonis
772 3582 867 3643 epistula
884 3584 912 3628 ad
930 3583 1056 3629 Nicolaum
1072 3583 1100 3628 de
1116 3578 1208 3627 Niccoli

60 3664 88 3709 de
101 3672 193 3723 reperto
204 3663 253 3711 Titi
265 3663 317 3711 Lini
332 3666 434 3726 sepulcro
446 3664 544 3720 Patauii,
559 3666 641 3725 scripta
654 3665 681 3711 V.
693 3665 743 3711 Cal.
756 3665 871 3711 Nouemb.
885 3676 955 3726 1414.
990 3665 1043 3710 Eius
1055 3665 1078 3709 in
1093 3663 1137 3709 fine
1151 3662 1207 3708 haec

55 3746 111 3790 dicit
123 3745 152 3791 de
166 3760 190 3792 se
206 3745 268 3805 ipso.
301 3746 399 3793 Rreuius
410 3757 476 3809 atque
490 3747 594 3794 ornatius
606 3748 724 3810 quisquam
729 3745 793 3806 sorte
806 3747 846 3793 sed
858 3747 934 3792 uerius
946 3748 1013 3807 (nam
1030 3747 1076 3807 ipse
1090 3760 1132 3807 ego
1144 3744 1208 3791 rebus

55 3826 162 3887 intentus)
175 3842 242 3874 nemo
253 3827 318 3877 dicet.
345 3830 395 3876 Hoc
406 3831 467 3876 enim
477 3831 540 3891 quod
553 3830 663 3890 sapientia
675 3838 716 3876 tua
732 3829 830 3891 dignum
846 3845 928 3876 nonnus
943 3828 1019 3875 censui
1034 3827 1097 3873 reelut
1108 3842 1207 3873 massam

53 3909 175 3970 ,quandam
192 3911 246 3957 auri
262 3911 342 3957 rudem
358 3926 404 3958 non
423 3912 491 3958 modo
505 3911 657 3974 purgandam
674 3911 715 3957 sed
730 3911 859 3973 digniorem
876 3911 910 3956 ad
918 3911 1026 3970 sormam
1043 3910 1208 3970 recoquendam

54 3991 260 4054 rfingendamque
276 3992 347 4041 muto.
379 3993 443 4040 Mitt
459 3994 520 4040 euim
535 3993 605 4041 seruit
621 4008 667 4040 non
683 4001 709 4039 ut
722 3993 764 4040 tibi
779 3993 839 4040 iilud
850 3993 950 4054 lepidum
965 3991 1028 4054 quod
1041 3992 1106 4052 apud
1119 3999 1208 4038 nostros

54 4083 187 4119 coaetaneos
199 4073 324 4121 resurrexit
335 4074 375 4121 sed
385 4076 501 4138 quoddam
513 4091 631 4124 commune
642 4075 732 4121 dicendi
740 4089 822 4139 gatus.

87 4152 184 4201 ²Hunc
201 4154 313 4203 tuchonis
332 4158 409 4204 locum
430 4157 488 4205 sicut
506 4167 530 4205 et
549 4159 668 4204 Petrarcae
684 4158 713 4204 de
731 4158 798 4205 Rem.
817 4157 867 4204 Vtr.
885 4157 1001 4202 Fortunae
1017 4155 1091 4202 Praef.
1111 4154 1207 4211 Libii,

54 4251 76 4296 p.
91 4249 146 4299 104,
159 4238 199 4286 ed.
212 4237 281 4284 Basil.
294 4238 347 4287 etl.
360 4252 400 4302 59,
411 4254 434 4299 p.
450 4252 489 4302 55,
502 4254 593 4286 mecum
605 4239 786 4287 communicauit
798 4239 893 4285 lacobus
908 4237 1008 4295 Mowat,
1022 4238 1097 4285 socius
1109 4236 1207 4300 Collegii

59 4319 145 4380 Sidney
157 4321 241 4367 Sntscx
253 4319 313 4381 apud
324 4321 530 4384 Cantabrigienses.

606 4423 652 4462 02
