2872 5002
551 336 880 429 clausur.

316 551 455 628 Comeli,
478 550 557 614 tibi:
589 572 732 633 namque
755 560 791 614 tu
814 548 943 613 solebas

358 664 451 726 Meas
472 683 545 725 esse
566 662 689 744 aliquid
713 672 829 745 putare
853 680 976 740 nugas;

315 774 387 836 Iam
410 785 478 836 tum
501 794 575 837 cum
598 794 696 836 ausus
719 794 755 836 es
776 793 860 834 unus
885 770 1043 833 Italorum

357 885 466 949 Omne
488 905 607 949 aeuum
630 883 735 957 tribus
757 883 924 965 explicare
946 880 1044 945 cartis

359 995 483 1072 Bootis,
507 995 663 1076 Iuppiter,
686 1003 719 1057 et
744 993 924 1056 laboriosis.

313 1104 425 1187 Quare
447 1104 533 1166 habe
556 1104 614 1166 tibi
638 1103 794 1184 quicquid
818 1102 880 1165 hoc
902 1099 1002 1163 libelli

357 1214 616 1296 Qualeeunque3
650 1213 739 1294 quod
762 1233 781 1274 o
803 1222 942 1293 patrona
965 1211 1066 1291 uirgo,

358 1318 435 1380 Plus
457 1337 523 1381 uno
547 1327 678 1379 maneat
702 1336 845 1397 perenne
867 1314 986 1378 saeclo.
1259 1331 1289 1366 ιο

180 1552 204 1602 3,
217 1554 241 1599 4.
261 1534 331 1588 Plin.
345 1534 383 1588 H.
396 1534 432 1587 N.
445 1534 536 1587 Praei.
553 1551 575 1587 r.
613 1533 712 1585 Libros
724 1533 855 1586 naturalis
867 1532 995 1584 historiae
1008 1533 1147 1586 nonicium
1161 1531 1289 1584 Camenis

144 1607 290 1674 Quiritium
310 1611 420 1657 tuorum
434 1620 502 1671 opus
517 1611 596 1656 natos
614 1605 686 1669 apud
705 1620 749 1655 me
765 1606 889 1671 proxima
908 1603 998 1655 fetura
1016 1603 1159 1656 licentiore
1174 1601 1289 1669 epistula

142 1692 251 1728 narrare
273 1676 404 1728 constitui
422 1674 472 1727 tibi
490 1673 683 1727 iucundissime
702 1675 843 1740 inperator
861 1671 912 1741 (sit
926 1673 1000 1724 enim
1015 1673 1082 1727 haec
1100 1674 1139 1725 tui
1155 1671 1288 1740 praefatio

141 1746 289 1811 uerissima,
302 1745 367 1798 dum
387 1745 522 1798 maxumei
540 1744 710 1797 consenescit
729 1745 757 1795 in
775 1742 869 1812 patre)
888 1758 1006 1810 namque
1022 1752 1053 1796 tu
1072 1744 1176 1796 solebas
1190 1748 1288 1810 putare

140 1831 198 1868 esse
211 1815 314 1884 aliquid
326 1830 401 1867 meas
414 1830 512 1881 nugas:
530 1820 562 1866 ut
573 1814 684 1867 obicere
697 1813 794 1867 moliar
804 1813 942 1866 Catullum
955 1821 1168 1867 conterraneum
1180 1827 1289 1876 meum;

139 1885 282 1952 adgnoscis
294 1890 324 1938 et
336 1884 389 1938 hoc
405 1892 542 1938 castrense
559 1883 692 1951 uerbum;
712 1884 755 1936 ille
772 1885 846 1936 enim
864 1889 894 1935 ut
907 1883 960 1935 scis
975 1884 1137 1950 permutatis
1154 1882 1290 1950 prioribus

169 1955 247 2008 llabis
264 1955 449 2008 duriusculum
466 1970 496 2007 se
514 1953 582 2007 iecit
598 1969 681 2022 quam
694 1952 804 2007 uolebat
823 1955 981 2007 existumari
998 1953 1180 2008 aVeraniolis
1194 1953 1290 2005 suiset

163 2025 268 2078 abulliS.
288 2023 359 2092 (uide
369 2023 529 2093 excursum.)

175 2100 238 2159 5-8.
256 2094 447 2161 Pastrengicus
465 2094 499 2146 de
519 2094 611 2160 Origg.
626 2093 731 2146 Rerum
743 2109 770 2162 p.
787 2097 817 2146 16
831 2115 849 2147 a
910 2095 955 2149 De
974 2095 1020 2147 illo
1039 2094 1092 2147 dici
1111 2092 1197 2160 possit
1215 2092 1290 2159 quod

138 2164 234 2218 scribit
250 2165 414 2217 Veronensis
426 2170 509 2232 poeta
520 2164 614 2217 dicens
687 2165 774 2216 Ausus
787 2163 898 2232 quidem
912 2182 981 2218 unus
995 2165 1127 2217 italorum
1199 2162 1291 2214 Omne

138 2250 240 2288 aeuum
251 2234 341 2289 tribus
353 2235 488 2303 explicare
501 2234 602 2287 chartis
614 2235 641 2288 .i.
655 2234 839 2288 uoluminibus
852 2235 959 2305 Iupiter
970 2235 1060 2288 doctis
1072 2241 1101 2287 et
1114 2231 1263 2286 laboriosis.

140 2487 217 2542 arido
230 2491 257 2541 in
269 2497 349 2553 textu,
363 2486 436 2540 arida
448 2490 475 2541 in
487 2506 582 2556 marg„
595 2499 642 2541 aut
654 2491 704 2558 ipse
715 2509 750 2542 ese
766 2491 853 2543 Seruio
865 2488 906 2542 uel
912 2492 1087 2560 grammatico
1099 2489 1174 2541 arida
1184 2489 1291 2556 sumpsit

140 2557 221 2627 (quod
227 2577 276 2611 non
285 2556 381 2626 credo),
389 2568 436 2610 aut
446 2558 510 2610 oculi
518 2576 604 2610 errore
612 2559 723 2628 deceptus
732 2576 748 2612 a
758 2580 815 2613 cum
825 2576 843 2612 ο
852 2563 970 2614 mutauit.
997 2560 1053 2613 Nec
1063 2561 1144 2612 Seruii
1153 2558 1231 2612 uerba
1243 2558 1291 2610 huc

140 2631 282 2681 necessario
298 2627 428 2691 reticenda
446 2638 513 2690 sunt,
530 2629 574 2680 sed
588 2629 625 2680 ad
640 2648 740 2682 uersum
759 2634 891 2693 amissum,
907 2631 1115 2698 quemadmodum
1122 2632 1168 2694 sr.
1189 2644 1229 2691 10,
1250 2644 1291 2691 11,

132 2701 253 2765 fortasse
263 2700 343 2750 etiam
347 2697 392 2762 fr.
408 2713 448 2749 te.
483 2697 578 2749 Eodem
591 2699 661 2751 modo
677 2718 740 2767 quae
753 2701 783 2753 de
796 2700 910 2752 Carbaso
917 2700 1045 2764 feminino
1057 2700 1175 2752 dicuntur
1187 2695 1200 2765 (
1207 2697 1245 2760 fr.
1260 2694 1291 2764 7)

141 2769 177 2820 ab
187 2770 324 2836 interprete
337 2768 468 2819 Veronensi
478 2768 516 2820 ad
526 2768 591 2819 Aen.
606 2769 678 2820 VIII.
692 2787 732 2833 34,
742 2773 765 2821 si
777 2789 834 2822 uere
846 2770 978 2824 Catullum
988 2771 1023 2822 ihi
1037 2772 1137 2822 coniecit
1148 2770 1244 2832 Maius,
1257 2767 1295 2819 od

143 2839 242 2890 LXIV.
260 2853 309 2900 2²7
324 2835 451 2890 relaturus
463 2855 544 2901 eram,
557 2841 607 2890 nisi
619 2840 696 2891 uerba
708 2841 804 2906 aliquot
815 2850 969 2908 superessent
980 2839 1047 2892 alius
1060 2840 1114 2893 loci.
1150 2842 1202 2891 Pro
1215 2837 1292 2890 arido

142 2916 198 2960 stat
208 2910 288 2960 etiam
300 2906 434 2959 Martialis
448 2907 519 2958 7111.
533 2923 576 2969 7²·
588 2924 612 2959 a.
638 2908 753 2960 ‘Morsu
766 2910 880 2976 pumicis
891 2910 959 2962 aridi
972 2910 1088 2977 politus‚'
1098 2921 1122 2961 et
1132 2910 1201 2962 Plini
1210 2910 1244 2961 H.
1254 2908 1291 2962 N.

144 2978 277 3028 XXXVI.
290 2992 348 3040 154.
373 2978 422 3028 Sed
425 2987 483 3045 post
492 2978 659 3030 Parthenium
668 2979 773 3031 editores
775 2982 838 3043 sere
846 2998 930 3032 omnes
941 2979 1016 3032 arida
1024 2981 1182 3033 admiserunt
1189 2988 1292 3047 praeter

143 3047 295 3099 Palladium
307 3046 418 3098 Statium
432 3047 506 3099 Conr.
519 3046 549 3098 de
562 3047 632 3099 Allia
644 3048 840 3102 Lachmannum
854 3049 1003 3118 Hauptium.

180 3116 281 3183 punice
294 3115 466 3168 ABDLa¹Va
484 3117 598 3183 punicae
610 3119 790 3186 Postrengicus
807 3119 908 3186 pumici
925 3120 1006 3172 Schol.
1021 3122 1163 3173 Veronensis
1174 3121 1201 3170 s'n
1215 3119 1290 3188 Verg.

144 3187 204 3239 Bel.
218 3188 262 3238 VI.
279 3203 289 3237 1
303 3186 341 3238 ed.
355 3187 510 3238 Herrmssnn.

183 3272 208 3320 3.
245 3255 373 3308 Cornelii
392 3256 442 3307 tibi
455 3257 523 3309 codd.
532 3254 660 3325 plerique,·
678 3269 842 3310 correxerunt
854 3259 926 3312 Itali.

182 3344 207 3388 4.
246 3325 324 3377 Meas
336 3326 413 3390 codd,
427 3330 522 3379 terent.
538 3328 649 3378 Maurus
668 3330 745 3391 2564,
760 3331 837 3392 2568,
851 3330 955 3382 Masius
975 3330 1116 3382 Victorinus
1127 3341 1155 3398 p.
1171 3331 1293 3392 259612„

147 3394 244 3516 fltilius
263 3396 461 3449 Fortunatianus
482 3397 549 3457 2676
569 3399 610 3462 P.,
628 3398 696 3450 Plin.
715 3397 805 3464 Praef.
822 3400 856 3451 H.
876 3398 912 3450 N.
984 3398 1100 3452 Nostras
1115 3399 1254 3451 Marcilius
1269 3408 1293 3450 et

169 3484 259 3519 ossius.

184 3592 209 3639 ς.
247 3573 306 3626 ram
324 3537 380 3627 tlt.
401 3576 425 3629 o
443 3576 501 3627 ram
519 3581 612 3628 tamen
633 3577 811 3632 aenaria
828 3600 846 3632 a
862 3599 897 3633 m.
908 3591 951 3648 pr.
966 3579 1081 3633 raom
1097 3579 1154 3631 nm
1166 3585 1224 3630 tum
1238 3577 1292 3643 aa,

145 3664 233 3714 marg.
246 3646 279 3709 H,
291 3646 328 3697 ed.
341 3647 387 3698 Pr.
433 3657 474 3702 est
487 3647 576 3698 codices
589 3667 670 3700 omnes
683 3652 772 3701 sinceri
843 3666 873 3702 es
884 3651 917 3701 hh
929 3651 966 3703 ed.
980 3653 1027 3702 Pr.

182 3718 208 3767 6.
244 3717 325 3767 cartis
338 3713 491 3767 BGLa¹0V
497 3716 551 3768 abc.

184 3789 208 3837 8.
246 3790 376 3843 tlblhaba
394 3786 462 3836 codd.
533 3777 697 3854 quic'qnitV
763 3787 844 3839 libelli
860 3790 911 3841 AG
930 3789 983 3840 mei
1003 3787 1082 3841 Ln²V
1089 3788 1169 3838 libelli
1183 3798 1239 3839 cett.
1252 3792 1294 3837 est

141 3866 201 3923 post
214 3854 294 3906 libelli
306 3855 403 3907 addunt
416 3856 482 3907 Scal.
496 3857 570 3908 Conr.
584 3857 612 3908 de
626 3860 704 3910 Allia.
719 3859 800 3925 Sillig.
814 3859 886 3910 Pohl.
951 3857 1082 3925 quicquid
1101 3864 1143 3909 est
1162 3857 1240 3907 libelli
1256 3858 1293 3909 ed.

147 3928 195 3977 Pr.
218 3927 340 3976 Parthen.
361 3926 423 3976 Ald.
448 3928 555 3977 Guarin.
602 3928 650 3977 Sed
669 3929 703 3992 cs.
724 3930 797 3994 Verg.
819 3931 882 3980 Aen.
900 3932 922 3980 1.
941 3933 983 3991 78,
1004 3929 1222 3996 ‘Qodcumque
1241 3925 1294 3977 hoc

147 3994 258 4060 ‘regni'
276 3997 326 4046 IX.
347 4001 406 4055 287.
479 3996 615 4048 Catullum·
627 4002 735 4064 respexit
755 4000 901 4050 Camerinus
919 4001 948 4051 de
966 4000 1004 4050 die
1023 3998 1119 4049 Natali
1138 4000 1159 4048 i.
1179 3996 1294 4062 ‘Qt0d·

147 4065 273 4131 ‘cunque
292 4064 344 4116 hoc
363 4065 423 4115 libri
442 4071 483 4116 est
506 4066 573 4116 meis
594 4068 690 4132 opibus
707 4075 894 4132 comparatum
914 4068 1031 4120 natalicii
1050 4067 1130 4118 titulo
1149 4067 1198 4118 tibi
1217 4067 1294 4118 misi!

147 4137 207 4186 Post
222 4140 275 4187 u.8
295 4153 370 4186 unum
390 4154 490 4187 uersum
508 4136 628 4189 excidisse
645 4151 741 4190 censent
760 4140 866 4189 Lachm.
885 4138 980 4206 Haupt.
1018 4139 1060 4203 Cf.
1079 4138 1194 4189 Lcutsch.
1213 4138 1295 4189 Nunt.

148 4205 231 4256 Erud.
246 4205 356 4273 Gotting.
375 4209 449 4268 1855.
456 4217 485 4274 p.
503 4222 577 4268 1991.

185 4292 210 4339 9.
247 4281 320 4349 quod
352 4274 635 4327 ABCGHLLPOVah
665 4277 775 4343 quidem
807 4275 886 4327 DLa¹
917 4297 935 4329 a
960 4296 995 4328 m.
1025 4295 1071 4328 sec.
1098 4278 1136 4329 ed.
1160 4280 1207 4328 Pr.
1232 4277 1296 4329 Ald.

150 4344 258 4397 Guarin.
272 4345 378 4397 Lachne.
392 4347 487 4413 Haupt.
533 4352 648 4411 patrona
662 4349 738 4411 uirgo
751 4347 819 4398 codd.
827 4358 933 4414 praeter
946 4349 996 4399 Ac
1006 4354 1121 4414 patrona
1133 4347 1237 4412 uirgine
1248 4349 1299 4399 AC

147 4417 229 4467 niam
238 4416 353 4468 additum
363 4417 389 4467 in
399 4416 534 4468 Cuiaciano
585 4430 620 4466 en
634 4418 800 4469 Rossbachius
813 4418 838 4468 in
851 4417 888 4468 ed.
903 4420 924 4468 1.
936 4433 953 4469 0
965 4418 1080 4486 patrima
1092 4417 1170 4483 uirgo
1183 4417 1297 4485 Scaliger
