2872 5002
253 364 312 420 268
654 355 712 416 DE
738 355 1002 417 PARTITIONE

252 526 333 584 breui
357 525 486 583 carmine
511 534 571 581 tam
596 523 646 581 diu
668 523 700 581 in
723 532 818 580 morte
840 521 948 581 morari
975 520 1092 593 lratria;
1124 525 1202 582 satis
1228 525 1267 585 de
1290 542 1324 585 aa
1345 523 1404 585 dd'

252 642 299 682 uu.
317 626 385 697 5-8.
427 621 472 700 (2)
494 621 654 697 blalepost
675 638 842 680 sermonem
863 621 901 680 ad
922 619 1057 681 Ortalum
1080 620 1202 681 Iactum
1223 624 1313 683 altera
1330 622 1396 683 fito

251 720 368 780 fratrem
382 721 547 793 ἀποστροφὴ.
589 718 634 796 (3)
656 719 718 796 Ipsi
732 737 834 778 uersus
845 737 925 795 9-14
937 737 993 778 uec
1007 719 1082 779 boni
1098 733 1173 780 sunt
1188 739 1249 781 nec
1263 722 1397 781 admodu

252 838 367 878 suaues.
408 818 525 891 Quibus
554 817 721 894 singillatim
746 818 788 875 sic
813 816 979 893 respondeo
1002 813 1046 895 (r)
1070 815 1105 876 Si
1126 830 1251 894 praeter
1273 823 1329 895 5-8
1346 818 1399 879 nu

254 917 325 975 dixit
348 917 478 978 Catullus
501 917 538 976 de
560 916 654 986 fratre,
676 916 858 974 festinantius
877 915 989 975 transiit
1008 915 1049 974 ad
1070 916 1167 975 uerba
1194 916 1259 976 Sed
1278 920 1401 976 lmen&

252 1018 337 1074 laurei
351 1017 530 1074 moeroribus.
572 1014 631 1072 Vix
645 1015 725 1072 enim
746 1015 816 1072 satis
834 1024 901 1090 apte
922 1014 994 1072 tanti
1014 1031 1172 1074 maerores
1195 1028 1402 1092 quattuorooa·

253 1113 408 1173 cluduntur
422 1114 562 1183 uersibus,
577 1113 680 1172 melius
691 1123 795 1171 contra
809 1099 925 1171 de'cem:
947 1108 993 1190 (a)
1007 1109 1102 1183 Quod
1116 1115 1157 1173 ad
1173 1111 1316 1174 Ortalum
1328 1113 1401 1191 loqu'·

252 1222 307 1281 tur,
332 1213 399 1270 dein
421 1211 548 1282 fratrem,
571 1212 650 1270 idem
675 1211 743 1269 fecit
767 1211 797 1268 in
820 1229 847 1270 c.
866 1209 952 1280 VIII,
976 1211 1060 1270 ctuus
1081 1212 1113 1270 in
1144 1215 1206 1270 r-8
1234 1211 1362 1272 Catullus
1377 1229 1402 1270 u

253 1310 358 1384 ipsun,
374 1321 478 1386 postea
498 1310 528 1366 in
550 1312 646 1366 12-18
663 1308 809 1379 Lesbiam,
831 1307 861 1365 in
886 1327 921 1382 19
942 1327 975 1368 se
997 1309 1095 1385 ipsum
1118 1310 1234 1369 iterum
1254 1311 1401 1387 conpellat;

253 1405 297 1484 (3)
320 1406 430 1465 Versus
455 1424 516 1464 non
541 1417 600 1465 tam
624 1424 642 1464 a
667 1404 836 1464 Catullianis
861 1405 969 1466 distant
995 1418 1029 1466 ut
1056 1407 1131 1467 alius
1154 1409 1223 1469 iure
1248 1408 1402 1468 habotutu.

253 1504 340 1562 Mitto
356 1525 383 1578 9,
398 1504 546 1579 Alloquor,
562 1504 675 1561 oudrcro
693 1521 834 1578 nunquam
855 1509 905 1561 luo
1021 1504 1180 1580 loqueram,
1204 1510 1260 1585 qui
1282 1526 1301 1566 a
1321 1509 1403 1568 multis

254 1602 405 1661 codicibus
417 1603 512 1673 abest;
527 1620 654 1678 sequens
663 1601 853 1677 comparatio,
864 1602 919 1659 etsi
927 1600 1044 1678 longius
1055 1603 1156 1678 petita,
1169 1606 1278 1667 similr's
1288 1622 1332 1668 est
1341 1609 1402 1667 illius

253 1719 328 1776 quae
343 1701 373 1757 in
388 1699 445 1757 fine
459 1719 483 1758 c.
501 1700 530 1757 II
546 1712 601 1758 stat
622 1699 692 1757 Tam
707 1705 825 1775 gratum
839 1705 880 1755 erl
891 1699 964 1756 mt'lu'
980 1719 1065 1775 qreom
1074 1702 1190 1778 serunt
1203 1709 1320 1780 puellae
1331 1711 1402 1776 nel,

254 1817 308 1856 nec
323 1817 340 1855 a
355 1816 436 1855 more
451 1799 546 1856 aliena
559 1797 825 1858 Alexandrinorum
840 1815 874 1855 ac
889 1796 1002 1857 Catulli.
1045 1797 1110 1858 Nec
1130 1817 1207 1859 uero
1223 1802 1264 1862 eir
1278 1805 1336 1864 alio
1346 1805 1402 1863 loco

253 1897 284 1953 in
306 1895 389 1953 LXV
404 1897 500 1955 iudico
523 1899 647 1956 tralatos.
691 1896 737 1954 Fr.
753 1895 883 1955 Haasius
897 1907 965 1973 post
979 1895 1030 1955 CI.
1045 1900 1073 1968 6,
1089 1910 1159 1975 post
1178 1900 1231 1959 CI.
1250 1923 1269 1976 4
1285 1906 1323 1964 A.
1336 1903 1402 1961 Wei-

255 1996 313 2052 sius
328 1994 469 2052 collocat:
493 1994 639 2052 Brunerus
654 2012 707 2070 pro
722 1993 887 2069 fragmento
909 2011 962 2052 eos
983 1994 1071 2054 babet
1092 1998 1233 2057 carmInis
1257 2001 1296 2060 de
1318 2001 1401 2060 utone

255 2092 362 2150 Fratris
375 2093 457 2150 cuius
472 2105 567 2150 cetera
581 2093 725 2168 perierint.
772 2091 917 2169 Fquidem
932 2092 1021 2152 nolim
1040 2093 1118 2151 aliud
1139 2113 1267 2156 carmen
1282 2111 1403 2175 putaret

255 2189 369 2249 Catullo
385 2191 523 2265 scripturn
545 2191 581 2247 de
603 2208 638 2248 ea
658 2209 791 2266 requam
814 2211 903 2251 unam
924 2193 956 2249 in
975 2189 1018 2250 CI
1038 2194 1185 2263 tractauit,
1208 2195 1327 2254 iuduxit
1346 2214 1402 2254 ctum

256 2290 357 2348 ceteris
382 2290 410 2346 in
435 2287 575 2346 LXVIII.
619 2287 677 2344 Sed
703 2291 811 2347 necin
837 2289 878 2349 CI
908 2290 1057 2366 quadrant.
1100 2289 1182 2349 Nam
1208 2307 1404 2371 praeterquam

255 2388 335 2464 quod
361 2388 448 2445 tutius
472 2386 604 2444 duxerIm
628 2396 672 2444 tot
694 2405 795 2444 uersus
819 2406 837 2444 a
862 2389 927 2446 loco
952 2404 1014 2444 non
1037 2404 1158 2446 mouere
1183 2391 1257 2449 satis
1282 2405 1353 2470 apto
1371 2391 1403 2450 ad

254 2485 342 2544 alium
365 2486 532 2544 autminus
557 2494 608 2540 aut
632 2501 692 2540 non
718 2485 811 2559 magis
836 2486 1071 2554 conuenientem,
1093 2484 1135 2543 CI
1158 2504 1214 2563 per
1234 2506 1268 2547 se
1291 2490 1403 2567 plenum

254 2596 340 2659 atque
355 2583 521 2642 absolutum
540 2592 593 2639 est.
635 2579 726 2652 Quod
747 2600 823 2652 cum,
839 2584 941 2640 utiam
962 2582 1101 2642 intellexit
1118 2581 1282 2662 Gruppius,
1299 2587 1403 2646 tumulo

255 2682 376 2758 insculpi
405 2682 538 2757 potuerit,
564 2679 687 2755 simplex
710 2691 738 2738 et
764 2691 808 2738 est
833 2693 861 2740 et
887 2682 973 2739 debet
997 2698 1070 2739 esse.
1120 2680 1230 2742 Nullus
1254 2684 1303 2744 bic
1329 2685 1402 2744 locus

254 2791 332 2855 patet
347 2780 568 2850 uehementiae;
592 2779 759 2854 tranquillus
774 2779 859 2837 dolor
873 2778 1092 2856 profundusque
1108 2799 1164 2838 nec
1179 2783 1273 2841 multa
1287 2783 1401 2840 effundi:

254 2896 308 2935 nec
332 2879 582 2952 comparationum
608 2877 694 2934 utitur
716 2877 844 2934 artificio.
887 2876 972 2936 Certe
995 2896 1050 2935 uec
1073 2889 1140 2953 post
1164 2898 1192 2949 4,
1216 2898 1274 2937 nec
1299 2893 1364 2956 post
1384 2882 1398 2935 6

255 2974 330 3032 bene
365 2975 517 3032 inducitur.
573 2974 784 3033 Vehementius
819 2977 897 3033 enlm
932 2988 999 3053 post
1025 2975 1069 3031 Et
1095 2983 1198 3034 niumm
1226 2981 1399 3053 nequicquam

254 3072 407 3144 alloquerer
430 3074 554 3141 cr'rrerem,
580 3072 675 3130 statim
701 3073 829 3132 dicturus
854 3085 914 3133 erat
942 3074 1090 3149 Alloquor,
1114 3072 1228 3132 audiero
1256 3093 1397 3150 numquam

256 3177 304 3226 luo
430 3170 583 3243 loquenlem.
642 3171 820 3247 Quanquam
848 3191 886 3230 ue
915 3173 984 3231 illud
1012 3172 1132 3248 quidem
1160 3183 1274 3232 certum
1302 3174 1397 3242 babeo,

255 3267 333 3324 hunc
357 3285 470 3325 uersum
499 3285 562 3325 esse
587 3266 699 3325 Catulli.
758 3268 821 3328 Nec
845 3272 919 3328 bene
945 3281 1011 3347 post
1034 3268 1084 3328 Cl.
1110 3272 1127 3326 6
1154 3272 1282 3346 ponitur.
1336 3271 1396 3330 Hoc

254 3380 297 3426 est
325 3367 403 3424 euim
432 3367 560 3442 protasin
588 3367 625 3423 ab
653 3368 776 3442 apodosi
804 3388 857 3428 sua
885 3369 1042 3427 abscidere.
1093 3366 1151 3426 VIx
1181 3371 1262 3428 enlm
1292 3372 1396 3429 dubites

257 3466 478 3541 Quandoquidem
486 3467 612 3543 sorluno
626 3466 699 3522 nn'ln'
717 3472 762 3522 lclc
782 3467 898 3524 obslulz'l
916 3469 1005 3542 r'psmu
1027 3467 1057 3522 iu
1079 3466 1225 3543 principio
1246 3481 1328 3539 stare,
1344 3486 1395 3525 nou

255 3567 284 3622 in
308 3567 387 3622 exitu
412 3565 579 3622 sententiae.
628 3563 806 3622 Persuadent
834 3566 981 3647 boccum
1007 3564 1070 3634 alia,
1093 3575 1154 3621 tum
1177 3566 1259 3641 quod
1281 3568 1395 3624 imitator

255 3662 358 3720 Catulli
373 3664 396 3719 is
411 3664 460 3737 qui
476 3662 554 3720 Cirin
577 3662 689 3736 scripsit
704 3662 855 3721 manifeste
870 3663 949 3721 hunc
963 3664 1061 3720 locum
1083 3674 1149 3720 ante
1172 3664 1276 3723 oculos
1297 3664 1394 3732 habuit,

254 3779 321 3818 cum
336 3760 407 3818 haec
422 3761 557 3819 scriberet
572 3759 697 3836 (42-46)

376 3899 578 3975 sedquoniam
601 3901 641 3955 od
658 3908 751 3957 lonlos
772 3921 844 3958 nunc
860 3905 987 3976 primurn
1009 3903 1154 3959 noscimur
1168 3912 1254 3974 orler,

375 3998 462 4056 Nunc
478 4000 602 4073 premunt
623 4004 725 4055 teneros
738 4000 892 4074 firmamus
913 4000 1008 4056 robore
1028 4019 1135 4069 neruos,

375 4096 455 4153 Hocc
475 4103 563 4152 lamen
585 4098 686 4153 riclerco
708 4116 777 4170 quoe
791 4109 946 4172 possumus,
968 4100 999 4155 ln
1020 4099 1118 4175 quibus
1139 4103 1207 4156 aeui

375 4194 479 4252 Primo
502 4195 659 4252 rudimenta
680 4202 706 4251 el
719 4199 826 4271 prr'rnos
846 4200 992 4272 excgt'ruus
1012 4216 1108 4269 annos,

373 4291 473 4364 Accipe
492 4292 563 4350 douo
584 4311 638 4350 meo
659 4295 773 4351 mullum
794 4296 915 4369 utgu'lolo
936 4295 1036 4352 labore.

294 4437 356 4496 Iam
372 4438 464 4498 LXV.
480 4461 575 4518 19-24
592 4463 714 4505 suumne
729 4445 826 4503 locum
848 4454 948 4503 teuent
970 4464 1017 4516 an,
1032 4459 1063 4504 ut
1079 4444 1283 4507 Rossbacths
1297 4459 1396 4518 censet,
