2872 5002
704 343 919 404 EXCVRSVS

547 533 762 594 EXCVRSVS
783 535 821 595 ad
842 533 1000 592 XXXVII.
1019 552 1063 593 10.

416 681 577 742 Frontem
599 683 762 742 tabernae
784 682 1025 759 scorpionibus
1046 682 1200 741 scribam.

277 814 322 872 Ex
334 815 508 891 conjecturis
518 833 590 893 quas
599 816 636 874 de
647 814 704 874 hoc
715 815 781 873 loco
793 815 961 891 interpretes
969 814 1159 889 protulerunt,
1171 814 1386 889 uulgatissimae

235 923 302 973 sunt
316 912 371 971 hae
386 914 601 989 scipionibus
615 914 866 990 scorpionibus.
890 911 928 970 Et
943 913 1158 988 scipionibus
1173 912 1296 988 quidem
1308 909 1387 987 quod

234 1010 345 1069 baculis
360 1010 504 1069 semiustis
518 1012 739 1085 interpretantur
753 1009 808 1088 (sic
822 1008 912 1067 Conr.
925 1008 962 1066 de
976 1007 1067 1087 Allio)
1083 1027 1256 1085 quanquam
1271 1009 1311 1066 ad
1324 1026 1387 1065 seu-

235 1109 356 1166 tentiam
371 1110 438 1167 satis
453 1107 652 1172 commodum.
667 1109 716 1165 uix
733 1107 836 1165 Latine
851 1107 909 1165 dici
923 1105 1028 1165 iudico.
1069 1105 1143 1165 Esto
1164 1108 1262 1165 enim:
1285 1104 1386 1164 bacula

236 1216 303 1264 sunt
317 1207 463 1282 scipiones
478 1205 621 1283 (σκῆπτρα)
638 1217 667 1264 at
682 1207 821 1264 semiusta
835 1222 887 1282 per
902 1223 933 1263 se
954 1222 1016 1263 non
1037 1215 1123 1276 sunt;
1153 1205 1207 1263 sed
1229 1204 1287 1262 nisi
1301 1204 1387 1262 semi·

236 1304 307 1362 ustis
328 1304 437 1362 baculis
459 1303 506 1361 hic
526 1320 588 1361 non
605 1321 681 1379 opus
695 1314 754 1375 est;
776 1303 832 1360 nisi
853 1302 926 1361 sorte
948 1312 1084 1378 putamus
1105 1302 1217 1360 baculis
1240 1300 1387 1359 Catullum

238 1402 304 1460 ideo
319 1402 455 1459 tabernae
469 1399 595 1458 frontem
614 1401 759 1475 picturum
773 1398 871 1469 luisse,
886 1406 919 1456 ut
933 1398 1023 1457 fustes
1044 1397 1177 1456 moechis
1195 1398 1383 1455 minitaretur.

238 1498 303 1557 Nec
323 1498 446 1555 multum
463 1497 557 1573 placet
577 1496 606 1554 id
625 1496 706 1573 quod
726 1507 795 1572 post
816 1495 981 1554 Marcilium
1001 1496 1126 1554 coniecit
1140 1495 1182 1553 H.
1197 1495 1236 1552 Α.
1252 1493 1386 1552 Kochiua

239 1595 352 1672 (Symb.
371 1595 472 1653 Philol.
490 1594 692 1653 Bonnensium
714 1613 742 1670 p.
760 1591 831 1672 316)
853 1594 1109 1669 scriptionibus,
1132 1594 1270 1669 quamuis
1289 1592 1386 1650 huius·

238 1695 319 1752 modi
334 1693 519 1768 repetitiones
529 1702 561 1750 ut
575 1692 679 1751 Plauto
693 1693 823 1768 inprimis
836 1692 876 1750 ita
890 1689 1005 1750 Catullo
1015 1692 1134 1749 minime
1146 1691 1204 1748 sint
1216 1690 1312 1748 alieni.
1342 1688 1385 1748 Cf.

237 1790 307 1849 Vll.
329 1809 346 1864 9
369 1788 455 1848 Tam
476 1800 506 1848 te
527 1791 625 1848 basia
645 1791 751 1848 multa
771 1790 905 1849 basiare
928 1788 1011 1847 XIV.
1032 1808 1049 1863 3
1071 1788 1232 1848 OdIssem
1255 1799 1287 1846 te
1309 1788 1386 1846 odio

237 1889 421 1947 Vatiniano
442 1887 541 1946 XXII.
562 1906 598 1958 14
620 1887 715 1945 Idem
737 1886 887 1947 infaceto
906 1898 957 1947 est
977 1886 1160 1945 infacetior
1175 1905 1253 1944 rure
1273 1883 1385 1942 XXIII.

241 1992 276 2046 18
295 1988 394 2045 Hanc
415 1987 457 2045 ad
475 1986 676 2044 munditiem
693 1985 779 2044 adde
800 1985 1020 2044 mundiorem.
1050 1984 1109 2043 Sed
1122 1994 1154 2042 ut
1169 1993 1285 2042 taceam
1299 1999 1386 2058 quam

237 2086 326 2161 longe
341 2086 425 2144 distet
440 2083 687 2159 scriptionibus
706 2085 744 2141 ab
761 2100 797 2142 eo
819 2083 900 2161 quod
920 2082 1028 2141 habent
1042 2081 1160 2140 codices
1178 2081 1386 2158 sopionibus

238 2185 287 2242 uix
309 2183 346 2241 ad
368 2184 439 2240 iram
460 2182 664 2257 fastidiumque
686 2183 755 2240 satis
778 2199 833 2240 nec
861 2181 930 2239 satis
953 2180 1029 2239 clare
1051 2178 1109 2239 hoc
1130 2179 1243 2237 dictum
1267 2178 1385 2237 uidetur.

238 2281 317 2340 Nam
337 2282 361 2339 si
380 2280 593 2339 conscribillare
608 2297 639 2337 se
653 2281 804 2337 tabernam
823 2278 897 2337 uelle
914 2277 1043 2337 Catullus
1064 2277 1142 2346 dixit,
1158 2276 1207 2333 uix
1223 2275 1315 2334 credo
1330 2276 1387 2333 dic·

238 2391 334 2437 turum
355 2378 442 2437 fuisse
463 2377 517 2436 nisi
538 2377 658 2435 adiectis
679 2378 713 2435 iis
735 2396 809 2453 quae
831 2377 989 2452 scripturus
1009 2385 1086 2447 erat;
1110 2385 1188 2433 certe
1209 2375 1323 2432 omissa
1342 2370 1387 2429 tali

239 2477 407 2536 definitione
428 2477 546 2551 languet
566 2476 666 2533 nescio
687 2492 747 2550 quo
768 2474 859 2532 modo
881 2474 935 2532 ista
954 2491 1034 2531 mera
1060 2472 1196 2533 uocabuli
1218 2471 1386 2546 geminatio.

238 2573 287 2633 Ad
302 2592 363 2632 rem
377 2571 575 2632 illustrandam
589 2570 665 2630 utilis
679 2582 723 2630 est
737 2572 819 2630 locus
833 2570 951 2629 Petroni
966 2569 1024 2628 Sat.
1042 2588 1088 2639 ar,
1103 2587 1132 2644 p.
1150 2589 1165 2627 2
1170 2589 1187 2643 3
1203 2567 1373 2627 Buecheler.

279 2672 465 2729 Intrauerunt
486 2669 665 2744 palaestritae
688 2671 836 2745 complures
860 2676 886 2726 et
905 2688 953 2725 nos
977 2669 1094 2742 legitime
1113 2668 1247 2745 perfusos
1269 2667 1324 2723 aleo
1347 2683 1388 2720 re-

227 2771 366 2848 seccrunt.
404 2775 536 2841 utcunque
562 2786 627 2843 ergo
654 2769 817 2825 lassitudine
844 2767 946 2824 abiicta
973 2768 1111 2823 cenatoria
1135 2767 1283 2839 repetimus
1310 2769 1338 2820 et
1360 2765 1387 2818 i'ii

235 2870 398 2943 proximam
420 2867 513 2922 cellam
536 2865 612 2922 ducii
628 2885 729 2936 sumus,
746 2868 774 2922 in
789 2885 844 2939 qua
865 2871 920 2922 tres
940 2865 1003 2921 lecti
1019 2865 1105 2920 strati
1121 2870 1205 2919 erant
1221 2871 1250 2918 et
1269 2863 1389 2937 reliquiis

240 2966 416 3021 lautitiarum
437 2970 590 3037 apparatus
610 2964 823 3037 splendidissime
843 2964 989 3036 expositus.
1012 2962 1086 3017 iussi
1102 2980 1167 3035 ergo
1192 2960 1388 3026 discubuimus,

239 3070 266 3119 et
283 3064 440 3136 gustatione
466 3061 588 3135 mirifica
611 3062 719 3117 initiali
740 3061 805 3116 uino
825 3062 905 3116 etiam
926 3057 1048 3116 Falerno
1069 3058 1249 3114 inundamur.
1287 3056 1392 3130 excepti

240 3162 321 3216 etiam
336 3159 468 3232 pluribus
477 3160 605 3235 ferculis
626 3177 685 3215 eum
707 3159 861 3215 laberemur
881 3161 911 3215 in
931 3176 1062 3227 somnum,
1085 3160 1177 3214 ‘itane
1197 3157 1273 3213 estr'
1305 3155 1392 3228 inquil

245 3252 389 3322 Quartilla
411 3255 506 3309 ‘etiam
528 3253 649 3308 dormire
670 3253 745 3309 uobis
766 3254 795 3309 in
817 3258 899 3308 mente
920 3258 964 3322 est,
985 3270 1046 3308 cum
1067 3252 1161 3308 sciatis
1183 3249 1298 3324 Priapi
1311 3249 1390 3324 genii

242 3351 442 3426 ‘peruigilium
457 3349 586 3406 deberi‘l'

284 3449 355 3509 Cum
384 3449 510 3522 Ascyltos
528 3456 671 3523 grauatus
699 3456 737 3506 tot
762 3449 844 3506 malis
868 3450 897 3505 in
924 3467 1047 3505 somnum
1074 3446 1221 3516 laberetur,
1244 3445 1298 3502 illa
1326 3462 1390 3519 quai

240 3549 347 3605 i'ni'iiri'a
362 3547 473 3621 depulsa
475 3546 582 3620 suerat
594 3546 698 3602 ancilla
713 3553 794 3602 totam
801 3544 910 3621 saci'eni
924 3547 983 3602 ei'us
992 3547 1122 3620 fuligine
1142 3545 1227 3618 langa
1235 3542 1392 3620 perfri'cui'l

240 3652 266 3702 et
278 3665 331 3702 non
344 3646 482 3701 sentientis
496 3644 577 3702 labra
590 3644 764 3718 humerosque
777 3643 954 3718 sopitionibus
963 3645 1073 3718 pinxit.

282 3741 362 3812 Quid
386 3744 415 3799 ln
439 3741 667 3817 sopitionibus
696 3742 781 3799 lateat
805 3742 947 3800 incertum
971 3751 1023 3799 est.
1065 3740 1092 3797 Α
1117 3739 1277 3797 litterarum
1305 3739 1390 3796 ductu

242 3840 373 3916 proxime
395 3841 477 3898 abest
498 3840 601 3914 sopiti
624 3840 804 3898 titionibus
826 3839 861 3897 cf.
884 3839 978 3914 Priap.
998 3837 1079 3895 XIV.
1100 3856 1135 3895 10
1150 3838 1233 3912 quod
1255 3838 1390 3895 exhibere

241 3955 331 4011 marg.
346 3935 379 3993 L.
395 3936 480 3995 docet
495 3935 688 3993 Buechelerus
697 3955 704 4006 ;
728 3954 822 4012 neque
837 3935 894 3994 hoc
909 3936 1017 3994 idcirco
1039 3934 1239 4010 respuendum
1254 3945 1301 3992 est
1316 3931 1390 4010 quod

242 4053 309 4092 non
335 4034 514 4093 sentientis
543 4033 705 4107 praecedat,
727 4052 797 4090 narn
817 4034 922 4091 horum
943 4034 1098 4091 uerborum
1119 4032 1278 4104 ἐπεξὴγησις
1299 4041 1390 4107 potest

242 4150 306 4189 esse
322 4131 424 4206 sopiti
436 4135 506 4185 ‘non
518 4130 665 4188 sentientis
676 4140 708 4187 ut
719 4130 768 4206 qui
780 4131 891 4205 sopitus
903 4129 996 4188 esset!
1019 4129 1109 4202 Quod
1121 4129 1183 4205 ipse
1196 4127 1390 4186 Buechelerus

243 4229 321 4287 dedit
343 4227 473 4302 ‘supini
495 4226 719 4285 carbonibus'
750 4225 967 4304 (carbonibus
992 4226 1225 4298 Hildebrandus)
1250 4227 1302 4283 uix
1325 4237 1390 4304 puto

241 4329 271 4385 in
286 4324 518 4401 sopitionibus
539 4327 684 4402 corrumpi
700 4327 837 4402 potuisse.
883 4325 923 4382 H.
939 4325 975 4384 Α.
991 4323 1124 4383 Kochius
1145 4324 1391 4399 scriptionibus

240 4423 287 4481 hic
302 4440 420 4498 quoque
433 4422 591 4499 legendum
606 4436 721 4499 censet;
743 4423 790 4484 cui
806 4424 905 4483 neseio
927 4442 965 4481 an
987 4442 1046 4481 non
1068 4421 1254 4499 praetulerim
1277 4422 1390 4482 Heinsii
