2872 5002
141 360 201 417 2³0
542 355 599 414 DE
627 352 889 416 PARTI'PIONE

139 520 222 596 isque
243 534 310 577 mos
330 527 443 578 tantum
464 518 579 578 ualebat
599 531 632 579 ut
652 519 869 596 dithyrambicis
889 519 1022 579 numeris
1043 515 1297 578 hexametrum

140 618 273 677 misceret
288 618 378 677 serior
392 635 549 678 nomorum
570 618 693 695 scriptor
712 616 898 688 Timotheus,
917 616 1065 677 habemus
1084 632 1183 676 unum
1201 615 1291 676 nun

140 733 233 788 genus
247 715 409 774 carminum
424 717 505 793 quod
519 719 657 790 ἰσόμοιρον
673 726 758 786 esset,
773 715 910 792 idemque
930 715 962 774 in
982 725 1084 792 partes
1107 715 1293 774 distributa

141 812 208 872 Hae
228 831 303 891 quae
321 813 427 875 luerint
446 816 586 875 docemur
607 835 643 874 ex
665 814 730 875 Iulii
752 813 878 872 Pollucis
898 812 1100 877 Onomastico
1116 811 1174 873 1v.
1188 812 1293 885 dupin

140 914 169 968 di
193 917 239 968 τοῦ
260 915 425 990 κιθαρῳδιεοῦ
447 918 525 986 νόμου
546 916 709 987 Τερπάνδρου
732 913 926 983 κατανείμαντος
952 913 1058 985 ἔπαμχα
1080 915 1202 986 μα’ππμχι
1226 912 1294 968 αὖ·

139 1032 223 1082 προπα
238 1014 448 1084 μετακαπᾶπροπα
463 1014 583 1086 ὀμφαλὸς
601 1013 719 1085 σφραγὶς
739 1007 871 1084 ε’πῖληοο.
920 1007 1013 1088 (Vide
1034 1007 1178 1088 westph.
1198 1007 1292 1070 (ΝΙ-

141 1123 190 1182 pp.
208 1104 320 1185 73-78)
342 1107 407 1167 Has
421 1118 517 1184 partes
533 1127 595 1168 non
616 1109 654 1167 ab
674 1108 757 1166 initio
776 1124 881 1166 omnes
900 1105 1029 1166 extitisse
1051 1124 1091 1165 ex
1112 1107 1188 1183 ipsis
1209 1107 1295 1166 numi-

141 1205 227 1263 nibus
242 1205 430 1265 concluditur.
473 1206 602 1266 Fuerunt
616 1207 711 1282 primo
732 1203 839 1276 Archa,
854 1201 1028 1280 omphalos,
1044 1202 1211 1282 Sphragis3
1230 1222 1293 1264 mos

141 1301 256 1359 Archae
271 1302 401 1362 subiecta
415 1303 580 1380 Catatropa,
597 1302 753 1381 Sphragidi
766 1301 926 1387 Epilogus3
948 1300 1017 1361 dein
1037 1301 1169 1360 alterum
1190 1302 1294 1361 initium

142 1399 250 1458 facturn
271 1412 315 1460 est
337 1402 424 1462 altera
446 1402 612 1480 Catatropa.
655 1400 715 1460 Sed
738 1400 905 1459 Aristoteles
926 1398 1075 1458 Problem.
1096 1401 1159 1460 xix.
1179 1417 1215 1476 15
1233 1399 1294 1460 dds

142 1515 250 1557 nomos
274 1517 292 1557 a
314 1501 416 1560 ceteris
437 1502 513 1578 ᾠδαῖς
531 1505 647 1576 χορικοῖς
666 1499 724 1559 hoc
746 1497 851 1558 distare
871 1495 953 1575 quod
973 1514 1037 1556 non
1058 1498 1092 1556 iu
1112 1497 1294 1578 antistrophis

142 1596 266 1669 fierent;
294 1598 377 1658 cuius
400 1617 518 1659 causam
540 1618 605 1660 esse
626 1598 707 1676 quod
728 1598 766 1655 ab
787 1595 977 1654 histrionibus
1004 1612 1074 1655 cum
1103 1598 1239 1674 gestibus
1263 1614 1293 1657 tt

142 1705 224 1753 motu
238 1707 399 1771 agerentur,
415 1697 493 1757 unde
512 1697 743 1775 perplexioribus
764 1704 862 1754 essent
881 1693 980 1753 uerbis
999 1712 1035 1753 ac
1056 1697 1212 1770 numeris3
1232 1713 1292 1756 nam

143 1791 342 1868 dithyrambos
363 1814 481 1874 quoque
503 1806 661 1873 postquam
682 1812 750 1853 cum
771 1801 856 1869 gestu
877 1792 944 1850 cani
964 1792 1145 1871 coepissent,
1161 1813 1225 1855 non
1242 1796 1292 1855 iau

144 1889 248 1948 habere
273 1892 479 1971 antistrophos‚
505 1895 651 1972 simplices
676 1892 754 1951 enim
779 1889 978 1968 antistrophos
1001 1909 1076 1951 esse.
1132 1892 1293 1971 Distingue-

144 1989 249 2047 hantur
263 1989 348 2065 igitur
363 1990 453 2050 Nomi
474 1993 504 2051 in
525 2002 622 2069 partes
642 2008 718 2061 suas,
740 1988 867 2065 strophis
888 1996 918 2046 et
937 1988 1131 2066 antistrophis
1152 1993 1292 2050 carebant

144 2085 230 2143 Vnde
255 2105 315 2145 non
342 2107 458 2166 semper
482 2091 584 2150 abesse
612 2089 718 2149 diuisio
741 2087 885 2163 colligitur
912 2105 931 2146 a
958 2085 1139 2147 carminibus
1167 2107 1244 2167 quae
1268 2091 1294 2148 in

144 2183 279 2260 strophas
293 2189 422 2245 reuocari
438 2199 583 2263 nequeant
597 2185 785 2261 antistrophis
803 2182 1025 2260 respondentes.
1067 2183 1140 2245 Hoc
1158 2197 1312 2264 quantum.

144 2282 253 2340 intersit
264 2282 428 2344 uidebimus
439 2284 469 2342 in
481 2284 631 2343 Theocriti
642 2282 781 2360 Eidylliis,
792 2280 963 2341 Callimachi
978 2280 1109 2359 Hymnis
1123 2282 1295 2362 Elegiisque

146 2379 203 2438 Sed
227 2381 305 2439 idern
328 2381 365 2440 de
390 2382 598 2459 antiquioribus
622 2379 807 2456 ε’λεγειοποίοις
829 2378 934 2438 diserte
956 2378 1043 2439 tradit
1064 2378 1240 2441 Plutarchus
1263 2381 1296 2441 de

145 2477 260 2537 Musica
275 2478 359 2538 VIII.
391 2483 438 2535 Kal
451 2481 532 2538 ἄλλος
545 2481 575 2536 δέ
587 2481 660 2535 ἐστιν
673 2479 778 2551 ἀρχαῖος
792 2481 867 2548 νόμος
880 2476 1035 2549 moisem
1048 2478 1163 2551 Κραδίαο
1177 2480 1207 2536 ὅν
1219 2484 1298 2553 φησιν

143 2576 272 2649 Ἱππῶναξ
292 2576 447 2652 Μίμνερμον
463 2580 582 2648 αὐλῆσαι.
623 2577 669 2631 Ἐν
688 2577 755 2648 ἀρχῇ
776 2575 827 2648 γὰρ
847 2576 948 2649 ε’λεγεῖα
967 2578 1192 2647 μεμελοποιημένα
1211 2582 1237 2634 oi
1256 2579 1297 2634 uti·

143 2677 223 2749 λῳδοὶ
237 2672 306 2744 ᾖδον.
349 2679 441 2750 Γέγονε
461 2677 489 2731 δὲ
510 2679 550 2733 καὶ
571 2676 683 2731 Σακάδας
704 2671 820 2746 Ἀργεῖος
839 2672 944 2742 ποιητὴς
963 2675 1049 2742 μελῶν
1069 2695 1098 2729 τε
1118 2677 1162 2730 καὶ
1181 2677 1299 2750 ε’λογείυ

144 2777 389 2845 μεμελοποιημένων.
431 2771 522 2845 Quod
546 2773 569 2831 si
594 2772 695 2847 elegos
720 2770 750 2827 in
774 2769 872 2827 nornis
899 2780 1075 2846 usurparunt
1104 2769 1298 2831 Mimnermus

146 2869 273 2927 Sacadas
288 2872 380 2946 etqui
396 2888 447 2929 eos
470 2871 570 2928 imitati
592 2878 666 2938 sunt,
682 2867 739 2925 hoc
754 2876 798 2925 est
813 2867 841 2923 in
856 2884 893 2925 co
907 2884 1016 2942 genere
1037 2869 1204 2928 carminum
1218 2867 1298 2945 quod

146 2968 298 3043 partitione
321 2969 440 3046 quidem
468 2968 639 3026 obstrictum
664 2975 747 3034 esset,
771 2964 823 3023 sed
846 2964 945 3023 minus
969 2968 1072 3024 ceteris
1097 2978 1180 3027 certa
1208 2969 1299 3026 finita·

146 3083 212 3140 que,
227 3077 361 3142 poterant
376 3066 462 3124 etiarn
482 3065 549 3125 alibi
571 3065 671 3141 elegos
691 3063 828 3121 adhibere
850 3063 972 3122 certiore
993 3063 1095 3125 ordine
1117 3084 1152 3126 ac
1175 3067 1249 3126 serie
1269 3086 1299 3126 se

146 3181 178 3220 se
193 3164 319 3222 inuicem
340 3174 563 3240 consequentes.
606 3162 670 3220 lam
691 3161 805 3220 iambos
825 3160 917 3220 modo
938 3163 1069 3237 recitare,
1082 3164 1176 3225 modo
1198 3183 1300 3225 canere

146 3270 247 3318 auctor
268 3271 327 3319 erat
349 3261 541 3320 Archilochus
563 3257 622 3337 (De
646 3258 724 3318 Mus.
749 3259 906 3336 XXVIII).
950 3258 1041 3333 Quod
1062 3263 1134 3339 quid
1157 3273 1204 3322 est
1224 3263 1300 3322 aliud

146 3376 234 3434 quarn
257 3358 287 3415 in
309 3356 438 3418 diuersas
459 3369 556 3434 partes
578 3357 747 3417 distribuere
768 3359 907 3416 carmen?

188 3457 300 3515 Dixerit
314 3457 361 3515 hic
376 3456 486 3533 aliquis,
503 3457 646 3516 eiusmodi
661 3461 809 3529 περικοποῖε
821 3456 919 3515 locum
941 3455 1052 3515 tamdiu
1073 3457 1145 3529 dari,
1161 3459 1301 3536 quamdiu

147 3557 276 3615 carmina
297 3575 365 3615 cnm
386 3557 496 3614 musica
517 3554 683 3614 necessario
705 3554 936 3631 coniungantur;
973 3574 1041 3616 cum
1061 3556 1119 3633 legi
1141 3559 1300 3636 coeperint,

147 3673 208 3712 rem
224 3672 292 3713 cnm
307 3654 478 3713 necessitate
493 3653 595 3729 perire.
638 3650 696 3710 Sed
712 3669 774 3709 non
796 3662 855 3710 tam
877 3654 945 3712 artis
959 3655 1091 3712 terminis
1112 3654 1301 3732 designantur

148 3753 292 3824 carmina;
307 3769 377 3809 nam
391 3760 420 3808 et
434 3760 589 3827 postquam
602 3766 670 3806 cum
684 3749 796 3808 musica
811 3751 975 3809 necessario
991 3751 1130 3825 coniungi
1146 3752 1301 3823 desierunt,

148 3867 360 3926 nonnunquam
389 3845 650 3905 accommodantur
674 3847 811 3918 musicae,
834 3847 857 3903 si
879 3846 999 3923 quIdem
1025 3847 1168 3907 Horatius
1191 3848 1302 3924 scripsit

148 3947 266 4023 quidem
287 3947 361 4005 odas
382 3955 413 4003 ut
434 3945 597 4020 legerentur
612 3943 804 4021 potissImum‚
826 3961 887 4002 non
909 3956 941 4004 ut
962 3958 1145 4017 canerentur,
1160 3958 1302 4007 ettamen

148 4047 186 4104 ad
200 4046 291 4122 lyram
306 4054 438 4105 cantatas
452 4041 539 4101 fuisse
558 4042 617 4100 iure
640 4043 816 4118 sumpseris;
837 4053 867 4101 et
882 4042 1014 4104 Catullus
1034 4045 1232 4123 Epithalamia
1253 4064 1305 4107 sua

149 4160 209 4200 non
226 4143 340 4202 uidetur
355 4161 371 4201 a
388 4141 484 4199 modis
505 4140 687 4209 dissociasse,
702 4158 872 4215 quanquam
893 4141 1032 4220 pleraque
1053 4145 1186 4204 carmina
1205 4146 1305 4222 legen-

149 4241 225 4299 tibus
240 4237 444 4300 tantummodo
459 4237 646 4296 commendat
660 4235 813 4316 (X1Vb)¹;
837 4250 865 4298 et
882 4240 969 4300 etiam
985 4241 1009 4299 si
1023 4242 1131 4301 modos
1146 4242 1305 4311 sustuleris,

181 4393 188 4423 ¹
208 4394 341 4441 Demetrius
356 4393 455 4442 Caluum
473 4404 496 4442 ct
514 4395 629 4442 Catullum
647 4397 756 4443 cantabat
770 4396 840 4457 (lior.
858 4397 1028 4462 S.l.10.19)‚
1045 4407 1069 4445 et
1087 4397 1175 4446 Plinius
1191 4399 1306 4446 bendeca-

148 4476 287 4537 syllabomm
305 4474 413 4522 uolumen
425 4491 472 4523 non
490 4478 535 4541 legi
547 4487 637 4524 tantum
649 4485 672 4524 et
684 4477 780 4525 describi
798 4478 837 4524 sed
849 4481 937 4527 cantari
955 4482 1025 4528 etiam
1038 4488 1061 4528 et
1075 4495 1089 4526 a
1101 4481 1200 4529 Graecis
1211 4496 1305 4543 quoque

149 4573 210 4604 nunc
221 4557 308 4604 cithara
321 4573 380 4607 nunc
392 4560 439 4622 lyra
452 4559 566 4622 personari
580 4560 644 4608 dicit.
673 4560 745 4621 lipht.
758 4560 810 4608 VII.
823 4577 845 4623 4.
859 4577 882 4624 9.
