2872 5002
486 371 716 440 CARMINVM
746 370 937 440 CATVLLI.
1235 376 1295 436 267

118 541 188 608 'Au
211 549 337 625 primam
362 547 523 606 orationem
545 545 722 628 reuoluimur
747 545 854 602 12-26.
897 544 1021 604 Constat
1042 565 1079 604 ex
1104 560 1139 621 15
1162 546 1293 605 uersibus

139 662 267 725 quorum
292 661 344 706 serr
365 647 450 723 primi
473 644 632 722 stropham,
655 660 706 703 sex
727 643 820 701 ultimi
842 643 1045 720 antistrophon
1066 644 1210 703 efficiunt:
1234 655 1292 705 tres

138 747 304 822 interpositi
327 755 413 822 caput
435 763 469 805 ac
494 759 640 803 summam
661 743 820 801 sententiae
842 743 872 798 in
894 760 925 800 se
946 743 1093 819 colligunt.
1136 743 1195 803 Hic
1218 745 1293 803 ordo

139 860 202 902 non
231 844 323 903 modo
350 844 474 903 multum
510 842 547 903 ad
581 843 641 900 uim
670 841 782 899 confert
810 840 953 910 carmInis,
983 841 1036 899 sed
1071 841 1193 901 fortasse
1227 843 1293 918 Ipso

137 942 278 1020 rhythmo
303 944 508 1014 confirmatur;
541 957 611 998 nam
639 940 662 998 si
688 939 806 997 codices
827 938 982 1015 plerosque
1003 942 1160 1014 sequimur,
1182 941 1293 1016 primus

138 1042 377 1117 interposiiorum
401 1042 488 1099 trium
512 1057 659 1108 uersuum,
681 1047 792 1095 mutato
814 1037 909 1115 primo
937 1036 1012 1112 pede
1034 1054 1071 1095 ex
1092 1038 1220 1096 resoluto
1241 1051 1294 1114 per

139 1140 291 1199 anaclasin
304 1141 402 1199 ionIco
417 1153 435 1198 a
449 1139 562 1196 minore
577 1136 615 1194 ad
630 1153 733 1212 purum
747 1135 885 1206 ionicum,
901 1135 941 1192 sic
956 1133 1126 1193 scribendus
1140 1143 1184 1194 est

387 1264 526 1328 Hilaralc
544 1287 609 1327 aere
628 1269 722 1326 cr'talr's
742 1267 883 1325 erroribus
902 1267 1035 1325 amrmum

141 1403 221 1462 unde
242 1403 443 1462 uehementior
464 1403 628 1461 animorum
650 1400 815 1471 concitatio,
835 1399 921 1458 simul
943 1398 1110 1458 Gallantum
1130 1419 1197 1460 cum
1212 1415 1292 1478 cym-

141 1501 216 1561 baIIs
230 1502 369 1561 tumultus
384 1500 554 1578 properipes
568 1499 744 1575 exprimitur.
787 1502 876 1570 Σχῆμα
890 1498 980 1573 igitur
989 1499 1154 1558 orationum
1169 1508 1213 1559 est

425 1612 605 1695 (ῐ)6·3·6
660 1609 826 1693 (2l⁶⁶·⁶⁶
883 1609 1006 1691 (als-s

655 1861 781 1939 Elegiae.

183 2007 231 2067 Ex
254 2007 354 2083 elegiis
377 2007 451 2065 duae
474 2005 579 2064 eodem
604 2003 663 2062 fere
687 2002 780 2062 modo
803 2004 926 2082 scriptae
948 2017 1014 2064 sunt
1037 2004 1130 2078 LXV,
1153 2008 1291 2069 LXXVI.

142 2105 292 2182 Vtraeque
316 2106 395 2164 enIm
418 2104 498 2180 quod
526 2104 564 2162 ad
588 2103 762 2161 sententiam
789 2112 833 2161 est
861 2105 1050 2180 praecipuum
1079 2117 1107 2165 et
1135 2107 1164 2164 in
1192 2110 1292 2168 medlo

141 2205 252 2264 habent
273 2214 301 2262 et
320 2221 356 2262 eo
376 2222 428 2262 sex
449 2220 593 2261 uersuum.
636 2200 694 2260 Sed
709 2198 793 2258 LXV
808 2211 850 2259 tot
870 2202 966 2260 modis
988 2203 1174 2263 immutarunt
1196 2202 1291 2266 Lach-

142 2321 270 2362 mannus
293 2313 321 2361 et
343 2311 410 2378 post
434 2319 501 2360 eum
526 2301 582 2371 alii,
606 2309 636 2358 ut
661 2298 819 2357 uidendum
845 2300 881 2358 sit
903 2301 1021 2360 codices
1042 2300 1071 2360 id
1090 2303 1291 2379 Incormptum

142 2403 230 2461 nobis
250 2400 417 2461 tradiderint
438 2418 477 2458 an
497 2400 655 2475 quicquam
676 2396 722 2455 uel
743 2399 862 2457 eiciatur
882 2417 919 2457 ex
940 2417 975 2458 ea
994 2399 1097 2459 merito
1119 2400 1165 2459 uel
1187 2403 1291 2461 merito

143 2501 292 2559 adiciatur.
348 2498 555 2558 Lachmannus
578 2499 663 2568 enlm,
693 2507 725 2556 nt
752 2497 910 2574 archetypo
939 2497 1114 2557 satisfaceret
1142 2500 1223 2575 quod
1252 2517 1291 2575 30

142 2616 247 2657 uersus
271 2598 392 2674 singulis
416 2595 531 2674 paginis
558 2597 707 2655 continere
731 2595 882 2655 arbitratus
909 2607 961 2668 est,
987 2606 1055 2672 post
1076 2595 1169 2656 LXV.
1195 2601 1213 2655 8
1239 2616 1290 2656 sex

142 2715 247 2756 uersus
268 2714 286 2754 a
306 2695 437 2754 LXVIII
454 2704 587 2770 sumptos
606 2711 712 2764 21-24‚
731 2691 805 2772 (93),
821 2690 895 2771 (92),
910 2704 938 2753 et
952 2693 1031 2753 hunc
1053 2695 1171 2772 quidem
1192 2696 1292 2755 leuiter

142 2805 288 2854 mutatum
303 2794 493 2871 interpolauit.
536 2793 638 2868 Itaque
653 2791 751 2851 locum
765 2793 807 2852 sic
822 2793 918 2851 scribit

247 2949 265 3002 8
328 2938 463 3020 Ereptum
484 2944 586 3001 nostris
607 2943 703 3000 obteret
720 2960 759 3000 ex
780 2944 872 3001 oculis.

224 3063 243 3100 a
289 3040 333 3098 Tu
353 3061 411 3101 mea
432 3048 463 3099 tu
484 3042 600 3099 mortens
610 3042 736 3118 sregritr'
751 3043 896 3112 commoda,
905 3043 1018 3118 frater,

226 3141 242 3199 b
336 3140 431 3198 licum
453 3160 510 3197 una
531 3146 586 3197 tota
606 3146 646 3197 est
664 3147 759 3197 nostra
780 3142 884 3215 sepulta
905 3141 1007 3211 domus,

225 3261 241 3295 c
293 3238 394 3296 Omnia
415 3246 498 3296 tecum
520 3258 577 3296 unu
592 3240 739 3313 perurunt
751 3240 859 3314 gaudia
880 3246 975 3297 nostra

226 3339 247 3394 d
328 3335 404 3408 Quae
424 3344 487 3394 tuus
507 3339 537 3394 r'n
559 3339 619 3394 uita
640 3338 727 3395 dulcis
748 3337 839 3395 alebat
857 3357 943 3396 amor.

226 3458 240 3494 c
288 3434 350 3494 Hei
366 3439 464 3494 me'sero
473 3436 579 3513 fratri
596 3436 743 3492 iucundum
765 3436 855 3493 lumen
876 3439 1036 3512 ademptum,

214 3536 248 3612 f
332 3533 487 3610 Nunquam
509 3553 556 3609 ego
577 3541 607 3604 te,
630 3535 728 3590 misero
737 3535 841 3612 frater
861 3535 980 3610 adempte
1001 3536 1079 3606 mihi,

247 3653 265 3708 9
286 3631 435 3707 Alloquor,
456 3632 569 3690 audiero
590 3650 731 3707 nunquam
753 3638 801 3689 lua
903 3634 1055 3708 loquentem,

186 3782 246 3841 Sed
260 3800 326 3841 cum
341 3794 384 3842 ter
398 3784 439 3842 sle
461 3793 628 3860 repetantur
649 3792 707 3841 tres
728 3802 829 3842 uersus
844 3782 925 3862 (nam
940 3784 992 3842 ded
1004 3786 1032 3842 in
1047 3782 1177 3853 LXVIII
1193 3784 1237 3843 bis
1251 3783 1290 3843 le·

142 3893 251 3957 guntur
275 3900 321 3951 22,
349 3902 394 3957 23,
423 3901 459 3955 ²4
485 3900 583 3941 rursus
608 3880 683 3960 (94),
707 3880 782 3959 (95),
807 3879 894 3961 (96))
921 3883 1007 3942 unius
1031 3893 1126 3940 autem
1150 3881 1202 3959 (Ι)
1226 3883 1292 3941 finis

141 3990 253 4054 quater,
267 3979 322 4050 hic,
338 3979 479 4039 LXVIII.
502 3999 550 4051 20,
566 3978 640 4060 (92),
657 3980 707 4040 CI.
731 3983 757 4051 6,
779 3992 807 4039 et
828 3980 885 4039 hoc
907 3981 998 4039 modo
1018 3980 1135 4055 longior
1155 3981 1291 4039 iuferatur

142 4077 331 4154 parenthesis,
354 4080 521 4139 temeritatis
542 4078 765 4138 Lachmannum
786 4099 905 4156 arguere
927 4080 976 4137 uix
998 4097 1106 4136 uerear.
1148 4079 1189 4137 At
1212 4099 1290 4153 9-14

142 4187 192 4235 aut
212 4178 300 4254 spurii
317 4188 384 4237 sunt
404 4177 458 4258 (sic
479 4179 558 4238 enim
580 4180 665 4238 docet
686 4176 848 4256 Gruppius)
870 4189 920 4237 aut
940 4197 977 4237 ex
999 4195 1052 4235 suo
1074 4176 1141 4235 loco
1162 4177 1220 4236 huc
1241 4196 1292 4254 per

135 4280 270 4336 'errorem
297 4277 398 4349 tralati,
427 4296 502 4355 quae
531 4277 584 4336 luit
610 4278 710 4355 opinio
738 4277 783 4335 Fr.
813 4276 915 4335 Haasii
943 4275 1116 4336 Rossbachii
1150 4275 1293 4335 Schwabii

140 4377 178 4434 A.
195 4374 297 4435 WeIsii
311 4376 434 4436 Bruneri
448 4377 618 4436 Bemhardii
633 4376 766 4436 Boehmii
781 4375 894 4433 Lehrsii
915 4373 1040 4445 Frankii,
1056 4375 1182 4451 denique
1204 4377 1292 4436 etium

141 4473 304 4536 Ribbeckii.
348 4475 509 4536 Audiamus
532 4476 707 4553 Gruppium.
749 4471 793 4552 (ι)
818 4471 888 4532 Non
910 4473 1010 4533 debuit
1032 4473 1161 4533 Catullus
1182 4475 1212 4531 in
1234 4484 1294 4534 tam
