2872 5002
450 343 813 425 rnorsoounun.
1169 365 1208 425 11

48 546 55 573 ¹
68 561 102 619 31
119 544 257 605 uersibus
274 548 401 623 spatium
416 548 557 624 praebent
571 547 654 607 lineis
669 548 769 607 ductis.
813 544 963 606 Nonnulla
977 547 1102 607 correxit
1116 547 1207 606 serior

48 647 167 702 ‘manus
188 644 254 704 siue
276 645 308 703 in
328 655 408 704 textu
429 645 563 722 suppleta
585 647 646 704 siue
668 647 787 722 appicta
808 648 837 705 in
859 647 1008 723 margine!
1065 646 1149 706 Haec
1171 645 1204 705 F.

47 739 312 817 Vmpienbachius,
327 744 377 820 qui
391 743 523 804 codicem
539 761 593 819 pro
608 762 656 803 me
671 744 787 802 Romae
802 745 937 804 excussit.

86 839 296 918 Philippensi}
309 842 340 900 in
354 841 533 900 Bibliotheca
547 841 684 902 Thomae
700 841 840 919 Phillipps
856 858 944 918 9591,
961 852 1119 914 cartacens,
1134 860 1206 901 con·

50 938 118 997 tinet
133 939 285 998 Catullum
299 959 334 999 ac
348 940 508 999 Tibullum.
550 935 694 999 Exaratus
709 950 753 998 est
772 958 851 998 anno
871 954 946 1014 1453
962 949 994 998 ut
1008 959 1044 998 ex
1059 941 1207 1015 subscrip·

51 1036 128 1094 tione
148 1047 273 1114 apparet
294 1038 325 1095 in
340 1037 448 1096 Tibulli
470 1038 528 1095 fine
549 1036 648 1096 addita
671 1036 782 1095 Tibulli
790 1044 884 1114 poeiae
903 1036 974 1096 liber
994 1038 1116 1113 explici!
1133 1034 1208 1094 III⁰

53 1132 120 1191 Idas
132 1135 249 1193 sexiilri
270 1134 552 1196 M⁰CCCC⁰LIII⁰
571 1135 727 1211 Coneglam'
740 1138 796 1193 mei
806 1135 840 1193 F
837 1137 960 1193 rancisci
973 1134 1092 1195 Crobaii
1109 1133 1206 1193 Veneti.

55 1231 97 1289 Ex
117 1231 228 1290 eodem
249 1231 330 1291 sonte
351 1251 418 1292 cum
440 1233 622 1293 Bononiensi
636 1233 736 1306 fluxit3
760 1252 828 1293 cum
843 1252 903 1310 quo
918 1233 1006 1292 etiam
1027 1233 1058 1290 in
1079 1232 1207 1290 minimis

57 1331 210 1402 consentit,
221 1349 276 1407 eg.
287 1332 447 1389 lacioleolac
460 1350 514 1408 pro
528 1332 655 1390 lacteolae
670 1330 732 1389 LV.
746 1333 821 1408 (17.)
864 1331 933 1408 Ipse
947 1331 1057 1391 contuli
1071 1330 1102 1388 in
1116 1330 1207 1389 domo

57 1427 190 1487 Thomae
206 1427 355 1505 Phillipps,
370 1428 547 1489 Cheltoniae.

92 1525 136 1583 H.
166 1525 413 1604 Hamburgensis,
439 1529 505 1587 cod.
530 1528 675 1604 Philolog.
702 1528 792 1588 Scrin.
820 1529 853 1588 L.
880 1547 946 1603 139,
967 1529 1208 1586 membranaceus

34 1679 35 1683 ,
60 1625 149 1683 lorma
163 1626 324 1695 octonaria,
340 1643 415 1685 saec.
432 1625 499 1685 XV.
542 1627 625 1686 Folia
639 1627 728 1685 habet
747 1629 811 1699 164.
854 1627 969 1685 Folium
990 1628 1095 1704 inquo
1111 1624 1209 1700 scripti

60 1732 122 1782 sunt
138 1723 250 1783 Tibulli
264 1722 288 1781 I.
307 1742 332 1782 1.
351 1738 427 1797 1-45
443 1725 544 1802 periit,
567 1725 674 1784 exinde
698 1728 773 1800 1-38
795 1726 903 1784 habent
917 1725 1076 1794 Tibullum,
1087 1735 1207 1799 39-117

61 1821 250 1898 Propertium,
276 1824 416 1897 118-163¹
435 1821 591 1889 Catullum,
617 1825 673 1894 164
695 1823 886 1900 Epigramma
906 1822 959 1880 Ad
969 1824 1097 1899 patriam
1122 1823 1208 1878 aeneo.

61 1919 198 1996 Singulae
222 1919 348 1996 paginae
376 1919 435 1979 lere
464 1939 579 1998 semper
605 1935 642 1995 25
671 1939 810 1980 uersuum
834 1931 910 1980 sunt.
967 1919 1099 1979 Collatus
1119 1929 1163 1978 est
1192 1937 1209 1976 a

61 2016 222 2087 Schwabio,
244 2026 274 2075 et
294 2035 347 2093 pro
369 2035 417 2076 me
439 2019 475 2076 ab
497 2019 726 2095 Hamburgensi.

96 2111 174 2173 [α’.
205 2114 277 2174 Plut
294 2135 332 2191 33
349 2114 452 2174 Codex
471 2134 505 2174 ra
523 2117 596 2176 Bibl.
612 2117 831 2175 Laurentianae.
862 2116 1105 2176 Membranaceus
1120 2116 1210 2192 scrip·

60 2222 102 2271 tus
117 2211 195 2271 soliis
211 2231 260 2288 49,
277 2231 413 2273 uersuum
435 2233 482 2287 24.
525 2216 596 2273 Post
617 2213 764 2273 Catullum
785 2215 913 2292 sequitur
934 2213 1076 2273 Tibullus
1120 2212 1210 2273 Cuius

60 2310 88 2367 in
101 2310 161 2369 fine
183 2311 322 2388 scriptum
343 2321 387 2370 est
404 2311 570 2371 Gherardus
591 2311 727 2370 Iohannis
749 2313 792 2369 del
806 2311 933 2387 Ciriagio
947 2313 1018 2369 caari
1030 2311 1064 2368 F
1061 2313 1211 2369 larentinae

60 2410 174 2484 empsit
203 2419 259 2484 pro
285 2408 410 2467 Iohanne
440 2409 535 2469 Cosme
562 2411 593 2467 de
617 2409 741 2467 Medicis
775 2412 871 2483 aphaca
899 2410 956 2467 caiae
982 2408 1146 2466 Florenleiro
1180 2409 1212 2466 de

60 2526 131 2564 anno
144 2506 192 2564 M
189 2506 327 2567 CCCCL
336 2507 402 2566 VII
408 2510 439 2566 de
451 2528 539 2566 mense
552 2508 631 2567 Iulii.
676 2508 758 2566 Idem
771 2508 865 2566 scriba
879 2507 1093 2565 Memmianum
1107 2505 1208 2579 (Paris.

61 2603 152 2682 8233)
168 2606 297 2663 exarauit
316 2623 396 2665 anno
417 2609 503 2681 1465.
546 2606 704 2677 Nonnulla,
728 2606 779 2665 sed
800 2623 903 2682 pauca,
921 2604 1008 2662 habet
1029 2623 1047 2662 a
1067 2604 1211 2682 plerisque

61 2702 210 2762 codicibus
232 2703 432 2780 discrepantia.
475 2704 593 2763 Contuli
613 2705 675 2781 ipse
697 2704 867 2762 Florentiae.
911 2701 971 2761 Hic
992 2713 1036 2762 est
1057 2702 1104 2761 ille
1121 2720 1210 2778 quem

60 2800 89 2857 in
103 2801 171 2860 edit
188 2818 242 2860 sua
255 2802 464 2861 Lachmannus
478 2803 546 2862 citat
560 2803 796 2861 Laurentianum.

107 2897 171 2958 Van.
213 2899 345 2960 Venetus
358 2903 389 2959 in
403 2901 584 2960 Bibliotheca
599 2900 627 2958 S.
644 2900 745 2971 Marci,
757 2909 906 2959 cartaceus
921 2918 948 2958 n.
969 2914 1033 2975 107,
1046 2899 1129 2960 class.
1140 2899 1210 2972 XII,

61 2997 124 3056 cod
141 2996 263 3056 LXXX.
306 2998 445 3058 Continet
460 2997 608 3057 Catullum
623 3017 722 3057 unum.
766 2997 893 3074 Paginas
912 2998 999 3057 habet
1018 3019 1055 3071 42
1072 3017 1210 3057 uersuum

63 3097 109 3165 28,
132 3095 289 3156 nonnullas
309 3115 345 3155 ex
366 3096 432 3155 loco
454 3115 508 3155 suo
529 3106 633 3154 motas.
684 3096 859 3172 Plerumque
882 3096 1027 3155 consentit
1048 3115 1116 3155 cum
1139 3096 1212 3155 San-

60 3194 253 3268 germanensi.
311 3193 369 3253 Sed
398 3195 529 3272 poenitet
549 3213 597 3252 me
618 3194 699 3270 quod
720 3194 807 3253 nimis
829 3195 936 3252 cursim
956 3203 1078 3253 tractato
1100 3195 1211 3265 codice,

61 3291 179 3350 nonnisi
193 3303 327 3368 excerpta
341 3292 487 3369 quaedam
501 3311 539 3350 ex
553 3312 590 3352 eo
605 3293 784 3368 reportarim.

109 3387 165 3447 Vic.
208 3389 244 3448 In
260 3391 433 3450 bibliotheca
448 3392 564 3467 publica
578 3390 736 3450 Vicentiae.
779 3391 1023 3450 Membranaceus
1037 3400 1082 3449 est
1095 3390 1211 3465 paginis

62 3502 101 3561 50
122 3506 260 3547 uersuum
283 3507 329 3560 24.
381 3488 521 3548 Continet
541 3489 692 3548 Tibullum
714 3489 895 3565 Propertium
918 3488 1072 3547 Catullum.
1124 3487 1211 3544 Initio

61 3585 124 3644 libri
154 3587 292 3663 scriptum
320 3597 364 3646 est
385 3586 424 3645 In
445 3588 495 3645 hoc
514 3589 601 3646 coda'ce
627 3590 799 3645 eontinentur
824 3586 939 3645 Pl'balus
963 3585 1081 3644 Calulus
1099 3595 1211 3659 proper-

61 3687 121 3742 cius
134 3704 200 3760 quos
209 3703 256 3759 ego
269 3683 393 3743 Marcus
406 3685 547 3744 Antonius
561 3685 734 3743 Mauroeeno
745 3684 897 3743 lranscribi
908 3686 1011 3740 curaui
1019 3685 1081 3739 dum
1092 3681 1216 3739 Patauii

60 3801 141 3841 essent
156 3781 381 3843 MCCCCLX.
423 3784 665 3860 Interpolationes
680 3785 778 3842 insunt
792 3802 852 3841 non
868 3800 987 3858 paucae.
1030 3780 1212 3838 Hunccodi·

60 3899 126 3939 cem
141 3880 213 3938 salso
228 3880 299 3938 dixit
312 3879 444 3939 Blumius
467 3883 496 3939 in
519 3882 692 3940 bibliotheca
713 3882 850 3940 librorum
871 3879 1133 3954 manuscriptorum
1155 3878 1212 3936 lta-

59 3979 114 4038 liae
129 3997 158 4055 p.
176 3997 233 4052 134
250 3979 390 4054 scripturn
405 3998 483 4037 anno
503 3983 588 4054 1360.
634 3980 700 4056 Ipse
716 3981 768 4037 sed
786 3980 900 4055 parcius
916 3977 1054 4053 excerpsi.
1098 3976 1213 4034 Praeter

60 4076 117 4136 hos
136 4077 166 4133 in
184 4077 288 4135 Museo
302 4076 468 4135 Britannico
484 4097 534 4136 sex
557 4088 624 4136 sunt
645 4079 760 4136 codices
781 4078 861 4153 digni
883 4078 932 4152 qui
947 4075 1144 4147 exhibeantur,
1161 4075 1211 4150 qui

61 4192 166 4234 omnes
180 4175 350 4233 minusculis
364 4175 450 4234 literis
465 4194 483 4233 a
496 4194 544 4233 me
560 4176 741 4234 denotantur.

102 4293 129 4332 a.
166 4273 241 4331 Add.
259 4273 330 4331 Mss.
354 4287 470 4349 11,915‚
494 4273 739 4332 Membranaceus
755 4271 849 4330 lorma
871 4270 1054 4346 quaternaria
1077 4271 1212 4343 minima;

64 4370 133 4430 lolia
147 4371 235 4430 habet
247 4375 285 4447 69
298 4392 306 4445 ;
329 4372 459 4447 singulae
471 4374 596 4448 paginae
611 4388 644 4446 17
656 4381 722 4431 sunt
732 4388 877 4429 uersuum.
901 4370 937 4427 In
949 4369 1006 4427 fine
1018 4367 1155 4445 scriptum
1170 4379 1213 4427 est
