<?xml version="1.0" encoding="UTF-8"?>
<!DOCTYPE html PUBLIC "-//W3C//DTD XHTML 1.0 Transitional//EN"
    "http://www.w3.org/TR/xhtml1/DTD/xhtml1-transitional.dtd">
<html xmlns="http://www.w3.org/1999/xhtml" xml:lang="en" lang="en">
 <head>
  <title>
</title>
<meta http-equiv="Content-Type" content="text/html;charset=utf-8" />
  <meta name='ocr-system' content='tesseract 3.04.00' />
  <meta name='ocr-capabilities' content='ocr_page ocr_carea ocr_par ocr_line ocrx_word'/>
</head>
<body>
  <div class='ocr_page' id='page_1' title='image "./catulliliber00catugoog_0395.png"; bbox 0 0 2872 5002; ppageno 0'>
   <div class='ocr_carea' id='block_1_1' title="bbox 234 361 980 425">
    <p class='ocr_par' dir='ltr' id='par_1_1' title="bbox 234 361 980 425">
     <span class='ocr_line' id='line_1_1' title="bbox 234 361 980 425; baseline -0.003 0"><span class='ocrx_word' id='word_1_1' title='bbox 234 368 293 425; x_wconf 83' lang='lat'>286</span> <span class='ocrx_word' id='word_1_2' title='bbox 634 362 691 422; x_wconf 91' lang='lat' dir='ltr'>DE</span> <span class='ocrx_word' id='word_1_3' title='bbox 718 361 980 424; x_wconf 81' lang='lat' dir='ltr'>PARTITIONE</span> 
     </span>
    </p>
   </div>
   <div class='ocr_carea' id='block_1_2' title="bbox 188 530 1422 3982">
    <p class='ocr_par' dir='ltr' id='par_1_2' title="bbox 188 530 1389 3267">
     <span class='ocr_line' id='line_1_2' title="bbox 235 530 1387 607; baseline 0.003 -20"><span class='ocrx_word' id='word_1_4' title='bbox 235 530 420 590; x_wconf 90' lang='lat' dir='ltr'>minutiorem</span> <span class='ocrx_word' id='word_1_5' title='bbox 440 542 560 607; x_wconf 91' lang='lat' dir='ltr'>quaerat</span> <span class='ocrx_word' id='word_1_6' title='bbox 581 541 773 604; x_wconf 90' lang='lat' dir='ltr'>concentum;</span> <span class='ocrx_word' id='word_1_7' title='bbox 798 541 860 590; x_wconf 86' lang='lat' dir='ltr'>tota</span> <span class='ocrx_word' id='word_1_8' title='bbox 881 532 959 589; x_wconf 91' lang='lat' dir='ltr'>enim</span> <span class='ocrx_word' id='word_1_9' title='bbox 981 548 1026 590; x_wconf 92' lang='lat' dir='ltr'>res</span> <span class='ocrx_word' id='word_1_10' title='bbox 1047 541 1177 590; x_wconf 89' lang='lat' dir='ltr'>uersatur</span> <span class='ocrx_word' id='word_1_11' title='bbox 1198 530 1230 589; x_wconf 91' lang='lat' dir='ltr'>in</span> <span class='ocrx_word' id='word_1_12' title='bbox 1251 531 1387 603; x_wconf 69' lang='lat' dir='ltr'>minutis}</span> 
     </span>
     <span class='ocr_line' id='line_1_3' title="bbox 236 629 1388 707; baseline 0.001 -20"><span class='ocrx_word' id='word_1_13' title='bbox 236 629 288 688; x_wconf 90' lang='lat' dir='ltr'>sed</span> <span class='ocrx_word' id='word_1_14' title='bbox 317 630 387 689; x_wconf 91' lang='lat' dir='ltr'>dum</span> <span class='ocrx_word' id='word_1_15' title='bbox 416 630 596 706; x_wconf 85' lang='lat' dir='ltr'>singulorum</span> <span class='ocrx_word' id='word_1_16' title='bbox 617 648 755 689; x_wconf 90' lang='lat' dir='ltr'>uersuum</span> <span class='ocrx_word' id='word_1_17' title='bbox 776 631 850 689; x_wconf 92' lang='lat' dir='ltr'>inter</span> <span class='ocrx_word' id='word_1_18' title='bbox 871 649 903 689; x_wconf 86' lang='lat' dir='ltr'>se</span> <span class='ocrx_word' id='word_1_19' title='bbox 924 631 1036 707; x_wconf 88' lang='lat' dir='ltr'>quaerit</span> <span class='ocrx_word' id='word_1_20' title='bbox 1056 630 1307 695; x_wconf 87' lang='lat' dir='ltr'>conuenientiam‚</span> <span class='ocrx_word' id='word_1_21' title='bbox 1329 648 1388 688; x_wconf 88' lang='lat' dir='ltr'>non</span> 
     </span>
     <span class='ocr_line' id='line_1_4' title="bbox 237 729 1389 807; baseline 0.003 -21"><span class='ocrx_word' id='word_1_22' title='bbox 237 729 335 787; x_wconf 79' lang='lat' dir='ltr'>debuit</span> <span class='ocrx_word' id='word_1_23' title='bbox 350 731 576 806; x_wconf 86' lang='lat' dir='ltr'>praetermittere</span> <span class='ocrx_word' id='word_1_24' title='bbox 590 731 731 807; x_wconf 63' lang='lat' dir='ltr'>partium</span> <span class='ocrx_word' id='word_1_25' title='bbox 754 748 809 788; x_wconf 89' lang='lat' dir='ltr'>nec</span> <span class='ocrx_word' id='word_1_26' title='bbox 831 730 854 787; x_wconf 93' lang='lat' dir='ltr'>si</span> <span class='ocrx_word' id='word_1_27' title='bbox 870 747 1007 788; x_wconf 89' lang='lat' dir='ltr'>uersuum</span> <span class='ocrx_word' id='word_1_28' title='bbox 1022 747 1173 789; x_wconf 87' lang='lat' dir='ltr'>caesuram</span> <span class='ocrx_word' id='word_1_29' title='bbox 1187 730 1219 787; x_wconf 91' lang='lat' dir='ltr'>in</span> <span class='ocrx_word' id='word_1_30' title='bbox 1240 733 1389 803; x_wconf 69' lang='grc' dir='ltr'><strong>περικοπαῑε</strong></span> 
     </span>
     <span class='ocr_line' id='line_1_5' title="bbox 237 827 1388 905; baseline 0.002 -21"><span class='ocrx_word' id='word_1_31' title='bbox 237 845 298 885; x_wconf 91' lang='lat' dir='ltr'>non</span> <span class='ocrx_word' id='word_1_32' title='bbox 320 847 435 905; x_wconf 87' lang='lat' dir='ltr'>semper</span> <span class='ocrx_word' id='word_1_33' title='bbox 455 829 632 905; x_wconf 88' lang='lat' dir='ltr'>respondere</span> <span class='ocrx_word' id='word_1_34' title='bbox 653 828 811 903; x_wconf 85' lang='lat' dir='ltr'>intellegas,</span> <span class='ocrx_word' id='word_1_35' title='bbox 833 828 942 887; x_wconf 88' lang='lat' dir='ltr'>idcirco</span> <span class='ocrx_word' id='word_1_36' title='bbox 963 845 1001 885; x_wconf 91' lang='lat' dir='ltr'>ne</span> <span class='ocrx_word' id='word_1_37' title='bbox 1022 846 1087 888; x_wconf 89' lang='lat' dir='ltr'>esse</span> <span class='ocrx_word' id='word_1_38' title='bbox 1108 827 1227 905; x_wconf 90' lang='lat' dir='ltr'>quidem</span> <span class='ocrx_word' id='word_1_39' title='bbox 1249 829 1388 901; x_wconf 64' lang='grc' dir='ltr'><strong><em>περικοπὰς</em></strong></span> 
     </span>
     <span class='ocr_line' id='line_1_6' title="bbox 237 923 1387 1003; baseline 0 -20"><span class='ocrx_word' id='word_1_40' title='bbox 237 925 394 1003; x_wconf 82' lang='lat' dir='ltr'>collegeris</span> <span class='ocrx_word' id='word_1_41' title='bbox 438 926 513 999; x_wconf 90' lang='lat' dir='ltr'>Quis</span> <span class='ocrx_word' id='word_1_42' title='bbox 527 939 570 986; x_wconf 90' lang='lat' dir='ltr'>est</span> <span class='ocrx_word' id='word_1_43' title='bbox 584 928 662 986; x_wconf 93' lang='lat' dir='ltr'>enim</span> <span class='ocrx_word' id='word_1_44' title='bbox 677 928 726 1003; x_wconf 91' lang='lat' dir='ltr'>qui</span> <span class='ocrx_word' id='word_1_45' title='bbox 741 944 802 985; x_wconf 92' lang='lat' dir='ltr'>non</span> <span class='ocrx_word' id='word_1_46' title='bbox 816 926 951 985; x_wconf 89' lang='lat' dir='ltr'>consulto</span> <span class='ocrx_word' id='word_1_47' title='bbox 967 926 997 985; x_wconf 96' lang='lat' dir='ltr'>id</span> <span class='ocrx_word' id='word_1_48' title='bbox 1011 924 1120 985; x_wconf 86' lang='lat' dir='ltr'>sactum</span> <span class='ocrx_word' id='word_1_49' title='bbox 1134 927 1294 986; x_wconf 86' lang='lat' dir='ltr'>existumet</span> <span class='ocrx_word' id='word_1_50' title='bbox 1308 923 1387 1002; x_wconf 91' lang='lat' dir='ltr'>quod</span> 
     </span>
     <span class='ocr_line' id='line_1_7' title="bbox 236 1023 1385 1102; baseline 0.001 -21"><span class='ocrx_word' id='word_1_51' title='bbox 236 1023 266 1081; x_wconf 92' lang='lat' dir='ltr'>in</span> <span class='ocrx_word' id='word_1_52' title='bbox 288 1025 360 1084; x_wconf 90' lang='lat' dir='ltr'>duas</span> <span class='ocrx_word' id='word_1_53' title='bbox 382 1044 467 1102; x_wconf 86' lang='lat' dir='ltr'>pares</span> <span class='ocrx_word' id='word_1_54' title='bbox 488 1037 585 1102; x_wconf 87' lang='lat' dir='ltr'>partes</span> <span class='ocrx_word' id='word_1_55' title='bbox 606 1036 634 1086; x_wconf 91' lang='lat' dir='ltr'>et</span> <span class='ocrx_word' id='word_1_56' title='bbox 653 1025 783 1102; x_wconf 86' lang='lat' dir='ltr'>Epodon</span> <span class='ocrx_word' id='word_1_57' title='bbox 805 1024 941 1084; x_wconf 90' lang='lat' dir='ltr'>diuiditur</span> <span class='ocrx_word' id='word_1_58' title='bbox 962 1025 1101 1085; x_wconf 88' lang='lat' dir='ltr'>carmen?</span> <span class='ocrx_word' id='word_1_59' title='bbox 1145 1024 1205 1083; x_wconf 88' lang='lat' dir='ltr'>Sed</span> <span class='ocrx_word' id='word_1_60' title='bbox 1227 1035 1259 1083; x_wconf 91' lang='lat' dir='ltr'>ut</span> <span class='ocrx_word' id='word_1_61' title='bbox 1280 1023 1385 1083; x_wconf 83' lang='lat' dir='ltr'>existu-</span> 
     </span>
     <span class='ocr_line' id='line_1_8' title="bbox 188 1122 1385 1200; baseline 0 -21"><span class='ocrx_word' id='word_1_62' title='bbox 188 1190 190 1194; x_wconf 34' lang='lat'>,</span> <span class='ocrx_word' id='word_1_63' title='bbox 235 1125 328 1195; x_wconf 89' lang='lat' dir='ltr'>marit,</span> <span class='ocrx_word' id='word_1_64' title='bbox 343 1125 470 1200; x_wconf 90' lang='lat' dir='ltr'>perlecta</span> <span class='ocrx_word' id='word_1_65' title='bbox 490 1125 614 1185; x_wconf 87' lang='lat' dir='ltr'>Parodia</span> <span class='ocrx_word' id='word_1_66' title='bbox 635 1124 840 1184; x_wconf 85' lang='lat' dir='ltr'>existumabit?</span> <span class='ocrx_word' id='word_1_67' title='bbox 882 1122 973 1195; x_wconf 92' lang='lat' dir='ltr'>Quod</span> <span class='ocrx_word' id='word_1_68' title='bbox 994 1124 1020 1183; x_wconf 90' lang='lat' dir='ltr'>si</span> <span class='ocrx_word' id='word_1_69' title='bbox 1040 1123 1180 1182; x_wconf 87' lang='lat' dir='ltr'>maiorem</span> <span class='ocrx_word' id='word_1_70' title='bbox 1201 1122 1385 1199; x_wconf 82' lang='lat' dir='ltr'>partitionem</span> 
     </span>
     <span class='ocr_line' id='line_1_9' title="bbox 237 1220 1384 1299; baseline -0.001 -21"><span class='ocrx_word' id='word_1_71' title='bbox 237 1220 358 1293; x_wconf 91' lang='lat' dir='ltr'>dederis,</span> <span class='ocrx_word' id='word_1_72' title='bbox 383 1242 434 1281; x_wconf 91' lang='lat' dir='ltr'>cur</span> <span class='ocrx_word' id='word_1_73' title='bbox 455 1242 545 1299; x_wconf 84' lang='lat' dir='ltr'>neges</span> <span class='ocrx_word' id='word_1_74' title='bbox 569 1223 733 1281; x_wconf 84' lang='lat' dir='ltr'>minorem?</span> <span class='ocrx_word' id='word_1_75' title='bbox 777 1220 835 1280; x_wconf 88' lang='lat' dir='ltr'>Sed</span> <span class='ocrx_word' id='word_1_76' title='bbox 857 1222 978 1280; x_wconf 83' lang='lat' dir='ltr'>dixerit:</span> <span class='ocrx_word' id='word_1_77' title='bbox 1013 1227 1092 1280; x_wconf 90' lang='lat' dir='ltr'>‘non</span> <span class='ocrx_word' id='word_1_78' title='bbox 1114 1239 1211 1298; x_wconf 80' lang='lat' dir='ltr'>nego:</span> <span class='ocrx_word' id='word_1_79' title='bbox 1243 1220 1297 1278; x_wconf 88' lang='lat' dir='ltr'>sed</span> <span class='ocrx_word' id='word_1_80' title='bbox 1325 1237 1384 1277; x_wconf 92' lang='lat' dir='ltr'>non</span> 
     </span>
     <span class='ocr_line' id='line_1_10' title="bbox 236 1318 1384 1399; baseline -0.001 -22"><span class='ocrx_word' id='word_1_81' title='bbox 236 1319 362 1378; x_wconf 88' lang='lat' dir='ltr'>‘eadem</span> <span class='ocrx_word' id='word_1_82' title='bbox 384 1323 479 1379; x_wconf 89' lang='lat' dir='ltr'>estin</span> <span class='ocrx_word' id='word_1_83' title='bbox 504 1331 625 1399; x_wconf 87' lang='lat' dir='ltr'>utraque</span> <span class='ocrx_word' id='word_1_84' title='bbox 653 1330 735 1397; x_wconf 89' lang='lat' dir='ltr'>parte</span> <span class='ocrx_word' id='word_1_85' title='bbox 755 1321 869 1380; x_wconf 91' lang='lat' dir='ltr'>diuisio.</span> <span class='ocrx_word' id='word_1_86' title='bbox 912 1319 991 1379; x_wconf 91' lang='lat' dir='ltr'>Nam</span> <span class='ocrx_word' id='word_1_87' title='bbox 1019 1319 1138 1396; x_wconf 89' lang='lat' dir='ltr'>stropha</span> <span class='ocrx_word' id='word_1_88' title='bbox 1158 1320 1189 1376; x_wconf 92' lang='lat' dir='ltr'>in</span> <span class='ocrx_word' id='word_1_89' title='bbox 1211 1334 1239 1393; x_wconf 88' lang='lat'>5,</span> <span class='ocrx_word' id='word_1_90' title='bbox 1265 1333 1292 1392; x_wconf 83' lang='lat'>7,</span> <span class='ocrx_word' id='word_1_91' title='bbox 1314 1318 1384 1376; x_wconf 91' lang='lat' dir='ltr'>anti·</span> 
     </span>
     <span class='ocr_line' id='line_1_11' title="bbox 237 1415 1383 1497; baseline -0.003 -21"><span class='ocrx_word' id='word_1_92' title='bbox 237 1418 393 1494; x_wconf 87' lang='lat' dir='ltr'>‘strophos</span> <span class='ocrx_word' id='word_1_93' title='bbox 414 1419 444 1477; x_wconf 87' lang='lat' dir='ltr'>in</span> <span class='ocrx_word' id='word_1_94' title='bbox 461 1439 488 1494; x_wconf 89' lang='lat'>9,</span> <span class='ocrx_word' id='word_1_95' title='bbox 505 1441 522 1495; x_wconf 99' lang='lat'>3</span> <span class='ocrx_word' id='word_1_96' title='bbox 538 1420 730 1497; x_wconf 80' lang='lat' dir='ltr'>distinguitur.</span> <span class='ocrx_word' id='word_1_97' title='bbox 773 1418 845 1478; x_wconf 91' lang='lat' dir='ltr'>Non</span> <span class='ocrx_word' id='word_1_98' title='bbox 865 1419 991 1477; x_wconf 88' lang='lat' dir='ltr'>enimin</span> <span class='ocrx_word' id='word_1_99' title='bbox 1011 1417 1131 1494; x_wconf 85' lang='lat' dir='ltr'>stropha</span> <span class='ocrx_word' id='word_1_100' title='bbox 1150 1418 1206 1475; x_wconf 90' lang='lat' dir='ltr'>nisi</span> <span class='ocrx_word' id='word_1_101' title='bbox 1226 1426 1294 1494; x_wconf 91' lang='lat' dir='ltr'>post</span> <span class='ocrx_word' id='word_1_102' title='bbox 1309 1432 1337 1489; x_wconf 85' lang='lat'>5,</span> <span class='ocrx_word' id='word_1_103' title='bbox 1355 1415 1383 1472; x_wconf 90' lang='lat' dir='ltr'>in</span> 
     </span>
     <span class='ocr_line' id='line_1_12' title="bbox 236 1515 1383 1596; baseline -0.001 -23"><span class='ocrx_word' id='word_1_104' title='bbox 236 1517 439 1595; x_wconf 83' lang='lat' dir='ltr'>‘antistrophe</span> <span class='ocrx_word' id='word_1_105' title='bbox 457 1530 525 1596; x_wconf 89' lang='lat' dir='ltr'>post</span> <span class='ocrx_word' id='word_1_106' title='bbox 545 1539 562 1594; x_wconf 88' lang='lat'>9</span> <span class='ocrx_word' id='word_1_107' title='bbox 582 1519 669 1596; x_wconf 87' lang='lat' dir='ltr'>plena</span> <span class='ocrx_word' id='word_1_108' title='bbox 688 1518 766 1577; x_wconf 89' lang='lat' dir='ltr'>cadit</span> <span class='ocrx_word' id='word_1_109' title='bbox 781 1516 993 1594; x_wconf 74' lang='lat' dir='ltr'>interpunctio.¹</span> <span class='ocrx_word' id='word_1_110' title='bbox 1037 1515 1095 1575; x_wconf 91' lang='lat' dir='ltr'>Sed</span> <span class='ocrx_word' id='word_1_111' title='bbox 1112 1517 1177 1591; x_wconf 89' lang='lat' dir='ltr'>quis</span> <span class='ocrx_word' id='word_1_112' title='bbox 1198 1515 1298 1574; x_wconf 88' lang='lat' dir='ltr'>docuit</span> <span class='ocrx_word' id='word_1_113' title='bbox 1315 1515 1383 1573; x_wconf 92' lang='lat' dir='ltr'>diui-</span> 
     </span>
     <span class='ocr_line' id='line_1_13' title="bbox 236 1612 1383 1692; baseline -0.003 -19"><span class='ocrx_word' id='word_1_114' title='bbox 236 1617 348 1675; x_wconf 91' lang='lat' dir='ltr'>sionem</span> <span class='ocrx_word' id='word_1_115' title='bbox 363 1617 402 1675; x_wconf 91' lang='lat' dir='ltr'>ibi</span> <span class='ocrx_word' id='word_1_116' title='bbox 417 1627 529 1676; x_wconf 89' lang='lat' dir='ltr'>tantum</span> <span class='ocrx_word' id='word_1_117' title='bbox 544 1618 606 1676; x_wconf 89' lang='lat' dir='ltr'>fieri</span> <span class='ocrx_word' id='word_1_118' title='bbox 621 1617 670 1676; x_wconf 90' lang='lat' dir='ltr'>ubi</span> <span class='ocrx_word' id='word_1_119' title='bbox 686 1618 778 1677; x_wconf 88' lang='lat' dir='ltr'>oratio</span> <span class='ocrx_word' id='word_1_120' title='bbox 793 1634 911 1692; x_wconf 90' lang='lat' dir='ltr'>prorsus</span> <span class='ocrx_word' id='word_1_121' title='bbox 930 1615 1173 1690; x_wconf 87' lang='lat' dir='ltr'>interrumpatur?</span> <span class='ocrx_word' id='word_1_122' title='bbox 1214 1612 1383 1672; x_wconf 89' lang='lat' dir='ltr'>Videndum</span> 
     </span>
     <span class='ocr_line' id='line_1_14' title="bbox 234 1712 1383 1792; baseline -0.002 -21"><span class='ocrx_word' id='word_1_123' title='bbox 234 1732 273 1771; x_wconf 89' lang='lat' dir='ltr'>an</span> <span class='ocrx_word' id='word_1_124' title='bbox 295 1732 356 1772; x_wconf 91' lang='lat' dir='ltr'>non</span> <span class='ocrx_word' id='word_1_125' title='bbox 376 1716 454 1774; x_wconf 91' lang='lat' dir='ltr'>idem</span> <span class='ocrx_word' id='word_1_126' title='bbox 470 1715 600 1775; x_wconf 85' lang='lat' dir='ltr'>Catullus</span> <span class='ocrx_word' id='word_1_127' title='bbox 621 1717 651 1776; x_wconf 89' lang='lat' dir='ltr'>in</span> <span class='ocrx_word' id='word_1_128' title='bbox 672 1717 786 1774; x_wconf 90' lang='lat' dir='ltr'>minore</span> <span class='ocrx_word' id='word_1_129' title='bbox 807 1715 961 1792; x_wconf 89' lang='lat' dir='ltr'>partitione</span> <span class='ocrx_word' id='word_1_130' title='bbox 981 1714 1129 1772; x_wconf 86' lang='lat' dir='ltr'>admiserit</span> <span class='ocrx_word' id='word_1_131' title='bbox 1143 1712 1225 1789; x_wconf 92' lang='lat' dir='ltr'>quod</span> <span class='ocrx_word' id='word_1_132' title='bbox 1245 1713 1334 1770; x_wconf 88' lang='lat' dir='ltr'>etiam</span> <span class='ocrx_word' id='word_1_133' title='bbox 1354 1713 1383 1769; x_wconf 88' lang='lat' dir='ltr'>iu</span> 
     </span>
     <span class='ocr_line' id='line_1_15' title="bbox 235 1810 1384 1891; baseline 0 -23"><span class='ocrx_word' id='word_1_134' title='bbox 235 1812 354 1883; x_wconf 90' lang='lat' dir='ltr'>maiore,</span> <span class='ocrx_word' id='word_1_135' title='bbox 370 1813 435 1872; x_wconf 87' lang='lat' dir='ltr'>dico</span> <span class='ocrx_word' id='word_1_136' title='bbox 456 1814 486 1872; x_wconf 92' lang='lat' dir='ltr'>in</span> <span class='ocrx_word' id='word_1_137' title='bbox 505 1812 646 1890; x_wconf 90' lang='lat' dir='ltr'>Strophas</span> <span class='ocrx_word' id='word_1_138' title='bbox 660 1812 869 1891; x_wconf 85' lang='lat' dir='ltr'>Antistrophos</span> <span class='ocrx_word' id='word_1_139' title='bbox 890 1813 1023 1889; x_wconf 88' lang='lat' dir='ltr'>Epodos,</span> <span class='ocrx_word' id='word_1_140' title='bbox 1042 1812 1223 1871; x_wconf 87' lang='lat' dir='ltr'>admiserunt</span> <span class='ocrx_word' id='word_1_141' title='bbox 1242 1810 1384 1869; x_wconf 84' lang='lat' dir='ltr'>Pindarus</span> 
     </span>
     <span class='ocr_line' id='line_1_16' title="bbox 235 1907 1385 1989; baseline -0.001 -22"><span class='ocrx_word' id='word_1_142' title='bbox 235 1909 411 1970; x_wconf 87' lang='lat' dir='ltr'>Theocritus</span> <span class='ocrx_word' id='word_1_143' title='bbox 427 1912 482 1970; x_wconf 87' lang='lat' dir='ltr'>alii.</span> <span class='ocrx_word' id='word_1_144' title='bbox 511 1912 589 1972; x_wconf 90' lang='lat' dir='ltr'>‘Sed</span> <span class='ocrx_word' id='word_1_145' title='bbox 602 1912 755 1989; x_wconf 93' lang='lat' dir='ltr'>quomodo</span> <span class='ocrx_word' id='word_1_146' title='bbox 771 1909 908 1970; x_wconf 87' lang='lat' dir='ltr'>nosces?&#39;</span> <span class='ocrx_word' id='word_1_147' title='bbox 937 1909 1111 1986; x_wconf 89' lang='lat' dir='ltr'>Conparatis</span> <span class='ocrx_word' id='word_1_148' title='bbox 1126 1910 1201 1967; x_wconf 91' lang='lat' dir='ltr'>inter</span> <span class='ocrx_word' id='word_1_149' title='bbox 1212 1927 1243 1967; x_wconf 89' lang='lat' dir='ltr'>se</span> <span class='ocrx_word' id='word_1_150' title='bbox 1260 1907 1385 1985; x_wconf 88' lang='lat' dir='ltr'>Stropha</span> 
     </span>
     <span class='ocr_line' id='line_1_17' title="bbox 235 2006 1384 2086; baseline -0.003 -20"><span class='ocrx_word' id='word_1_151' title='bbox 235 2019 264 2066; x_wconf 90' lang='lat' dir='ltr'>et</span> <span class='ocrx_word' id='word_1_152' title='bbox 279 2008 479 2086; x_wconf 82' lang='lat' dir='ltr'>Antistropho.</span> <span class='ocrx_word' id='word_1_153' title='bbox 523 2009 553 2067; x_wconf 91' lang='lat' dir='ltr'>Si</span> <span class='ocrx_word' id='word_1_154' title='bbox 567 2011 646 2068; x_wconf 91' lang='lat' dir='ltr'>enim</span> <span class='ocrx_word' id='word_1_155' title='bbox 662 2008 787 2086; x_wconf 91' lang='lat' dir='ltr'>Stropha</span> <span class='ocrx_word' id='word_1_156' title='bbox 801 2028 853 2086; x_wconf 92' lang='lat' dir='ltr'>per</span> <span class='ocrx_word' id='word_1_157' title='bbox 869 2024 894 2083; x_wconf 90' lang='lat'>5,</span> <span class='ocrx_word' id='word_1_158' title='bbox 912 2023 927 2082; x_wconf 83' lang='lat'><strong>7</strong></span> <span class='ocrx_word' id='word_1_159' title='bbox 944 2006 1152 2084; x_wconf 84' lang='lat' dir='ltr'>Antistrophos</span> <span class='ocrx_word' id='word_1_160' title='bbox 1167 2025 1220 2083; x_wconf 91' lang='lat' dir='ltr'>per</span> <span class='ocrx_word' id='word_1_161' title='bbox 1235 2028 1263 2082; x_wconf 86' lang='lat'>9,</span> <span class='ocrx_word' id='word_1_162' title='bbox 1280 2026 1297 2082; x_wconf 91' lang='lat'>3</span> <span class='ocrx_word' id='word_1_163' title='bbox 1314 2007 1384 2065; x_wconf 91' lang='lat' dir='ltr'>diui·</span> 
     </span>
     <span class='ocr_line' id='line_1_18' title="bbox 236 2106 1385 2184; baseline -0.001 -20"><span class='ocrx_word' id='word_1_164' title='bbox 236 2107 320 2177; x_wconf 91' lang='lat' dir='ltr'>ditur,</span> <span class='ocrx_word' id='word_1_165' title='bbox 341 2127 417 2167; x_wconf 91' lang='lat' dir='ltr'>unus</span> <span class='ocrx_word' id='word_1_166' title='bbox 446 2126 583 2166; x_wconf 90' lang='lat' dir='ltr'>numerus</span> <span class='ocrx_word' id='word_1_167' title='bbox 603 2108 653 2184; x_wconf 91' lang='lat' dir='ltr'>qui</span> <span class='ocrx_word' id='word_1_168' title='bbox 681 2109 830 2184; x_wconf 91' lang='lat' dir='ltr'>utriusque</span> <span class='ocrx_word' id='word_1_169' title='bbox 856 2108 1021 2166; x_wconf 90' lang='lat' dir='ltr'>communis</span> <span class='ocrx_word' id='word_1_170' title='bbox 1049 2109 1085 2165; x_wconf 90' lang='lat' dir='ltr'>sit</span> <span class='ocrx_word' id='word_1_171' title='bbox 1105 2106 1216 2165; x_wconf 86' lang='lat' dir='ltr'>elicitur</span> <span class='ocrx_word' id='word_1_172' title='bbox 1238 2125 1274 2177; x_wconf 86' lang='grc'>4;</span> <span class='ocrx_word' id='word_1_173' title='bbox 1307 2106 1385 2164; x_wconf 87' lang='lat' dir='ltr'>unde</span> 
     </span>
     <span class='ocr_line' id='line_1_19' title="bbox 236 2203 1384 2284; baseline -0.001 -22"><span class='ocrx_word' id='word_1_174' title='bbox 236 2203 361 2281; x_wconf 87' lang='lat' dir='ltr'>Stropha</span> <span class='ocrx_word' id='word_1_175' title='bbox 383 2219 431 2265; x_wconf 88' lang='lat' dir='ltr'>ant</span> <span class='ocrx_word' id='word_1_176' title='bbox 452 2226 505 2284; x_wconf 92' lang='lat' dir='ltr'>per</span> <span class='ocrx_word' id='word_1_177' title='bbox 527 2222 544 2280; x_wconf 88' lang='lat'>5</span> <span class='ocrx_word' id='word_1_178' title='bbox 563 2225 600 2281; x_wconf 83' lang='lat'>43</span> <span class='ocrx_word' id='word_1_179' title='bbox 623 2215 673 2263; x_wconf 87' lang='lat' dir='ltr'>aut</span> <span class='ocrx_word' id='word_1_180' title='bbox 688 2222 706 2279; x_wconf 87' lang='lat'><em>5</em></span> <span class='ocrx_word' id='word_1_181' title='bbox 723 2225 739 2280; x_wconf 88' lang='lat'>3</span> <span class='ocrx_word' id='word_1_182' title='bbox 757 2224 783 2277; x_wconf 91' lang='grc'>4,</span> <span class='ocrx_word' id='word_1_183' title='bbox 800 2204 1007 2281; x_wconf 83' lang='lat' dir='ltr'>Antistrophos</span> <span class='ocrx_word' id='word_1_184' title='bbox 1029 2216 1078 2263; x_wconf 91' lang='lat' dir='ltr'>aut</span> <span class='ocrx_word' id='word_1_185' title='bbox 1099 2222 1150 2280; x_wconf 91' lang='lat' dir='ltr'>per</span> <span class='ocrx_word' id='word_1_186' title='bbox 1172 2219 1230 2279; x_wconf 88' lang='grc'>543</span> <span class='ocrx_word' id='word_1_187' title='bbox 1254 2214 1303 2262; x_wconf 90' lang='lat' dir='ltr'>aut</span> <span class='ocrx_word' id='word_1_188' title='bbox 1326 2219 1384 2278; x_wconf 84' lang='lat'>453</span> 
     </span>
     <span class='ocr_line' id='line_1_20' title="bbox 236 2302 1384 2379; baseline -0.004 -16"><span class='ocrx_word' id='word_1_189' title='bbox 236 2304 432 2364; x_wconf 88' lang='lat' dir='ltr'>distribuenda</span> <span class='ocrx_word' id='word_1_190' title='bbox 460 2317 511 2365; x_wconf 89' lang='lat' dir='ltr'>est.</span> <span class='ocrx_word' id='word_1_191' title='bbox 554 2304 653 2363; x_wconf 93' lang='lat' dir='ltr'>Diuidi</span> <span class='ocrx_word' id='word_1_192' title='bbox 675 2314 772 2363; x_wconf 88' lang='lat' dir='ltr'>autern</span> <span class='ocrx_word' id='word_1_193' title='bbox 800 2304 1002 2379; x_wconf 89' lang='lat' dir='ltr'>antistrophon</span> <span class='ocrx_word' id='word_1_194' title='bbox 1026 2321 1079 2379; x_wconf 82' lang='lat' dir='ltr'>per</span> <span class='ocrx_word' id='word_1_195' title='bbox 1102 2322 1159 2377; x_wconf 83' lang='lat'>543</span> <span class='ocrx_word' id='word_1_196' title='bbox 1182 2302 1328 2378; x_wconf 87' lang='lat' dir='ltr'>colligitur</span> <span class='ocrx_word' id='word_1_197' title='bbox 1349 2320 1384 2359; x_wconf 82' lang='lat' dir='ltr'>ex</span> 
     </span>
     <span class='ocr_line' id='line_1_21' title="bbox 237 2400 1385 2482; baseline -0.003 -21"><span class='ocrx_word' id='word_1_198' title='bbox 237 2404 357 2462; x_wconf 87' lang='lat' dir='ltr'>transitu</span> <span class='ocrx_word' id='word_1_199' title='bbox 371 2402 489 2462; x_wconf 75' lang='lat' dir='ltr'>Etrirde</span> <span class='ocrx_word' id='word_1_200' title='bbox 502 2400 568 2482; x_wconf 91' lang='lat'><em>(18)</em></span> <span class='ocrx_word' id='word_1_201' title='bbox 579 2423 586 2476; x_wconf 91' lang='lat'>;</span> <span class='ocrx_word' id='word_1_202' title='bbox 608 2421 678 2462; x_wconf 90' lang='lat' dir='ltr'>nam</span> <span class='ocrx_word' id='word_1_203' title='bbox 700 2404 725 2461; x_wconf 91' lang='lat' dir='ltr'>si</span> <span class='ocrx_word' id='word_1_204' title='bbox 746 2413 814 2479; x_wconf 91' lang='lat' dir='ltr'>post</span> <span class='ocrx_word' id='word_1_205' title='bbox 831 2413 965 2480; x_wconf 87' lang='lat' dir='ltr'>quartum</span> <span class='ocrx_word' id='word_1_206' title='bbox 986 2419 1101 2460; x_wconf 91' lang='lat' dir='ltr'>uersum</span> <span class='ocrx_word' id='word_1_207' title='bbox 1122 2400 1245 2471; x_wconf 88' lang='lat' dir='ltr'>diuidas,</span> <span class='ocrx_word' id='word_1_208' title='bbox 1268 2418 1385 2477; x_wconf 86' lang='lat' dir='ltr'>separes</span> 
     </span>
     <span class='ocr_line' id='line_1_22' title="bbox 236 2498 1385 2580; baseline -0.005 -20"><span class='ocrx_word' id='word_1_209' title='bbox 236 2521 311 2578; x_wconf 90' lang='lat' dir='ltr'>quae</span> <span class='ocrx_word' id='word_1_210' title='bbox 326 2504 542 2580; x_wconf 84' lang='lat' dir='ltr'>coniunguntur</span> <span class='ocrx_word' id='word_1_211' title='bbox 560 2503 619 2560; x_wconf 87' lang='lat' dir='ltr'>Tuo</span> <span class='ocrx_word' id='word_1_212' title='bbox 628 2505 730 2560; x_wconf 71' lang='lat' dir='ltr'>stetrise</span> <span class='ocrx_word' id='word_1_213' title='bbox 746 2502 815 2558; x_wconf 79' lang='lat' dir='ltr'>dicit</span> <span class='ocrx_word' id='word_1_214' title='bbox 827 2503 858 2558; x_wconf 83' lang='lat' dir='ltr'>in</span> <span class='ocrx_word' id='word_1_215' title='bbox 876 2502 1014 2558; x_wconf 75' lang='lat' dir='ltr'>cammr&#39;m</span> <span class='ocrx_word' id='word_1_216' title='bbox 1032 2498 1062 2556; x_wconf 92' lang='lat' dir='ltr'><em>T</em></span> <span class='ocrx_word' id='word_1_217' title='bbox 1057 2519 1091 2558; x_wconf 86' lang='lat' dir='ltr'>uo</span> <span class='ocrx_word' id='word_1_218' title='bbox 1105 2500 1232 2557; x_wconf 72' lang='lat' dir='ltr'>thibarise</span> <span class='ocrx_word' id='word_1_219' title='bbox 1242 2499 1385 2573; x_wconf 82' lang='lat' dir='ltr'>palmulas</span> 
     </span>
     <span class='ocr_line' id='line_1_23' title="bbox 235 2597 1384 2678; baseline -0.004 -19"><span class='ocrx_word' id='word_1_220' title='bbox 235 2603 267 2659; x_wconf 77' lang='lat' dir='ltr'>in</span> <span class='ocrx_word' id='word_1_221' title='bbox 286 2621 407 2678; x_wconf 82' lang='lat' dir='ltr'>aequore.</span> <span class='ocrx_word' id='word_1_222' title='bbox 449 2602 512 2660; x_wconf 88' lang='lat' dir='ltr'>Iam</span> <span class='ocrx_word' id='word_1_223' title='bbox 534 2602 558 2660; x_wconf 92' lang='lat' dir='ltr'>si</span> <span class='ocrx_word' id='word_1_224' title='bbox 572 2600 753 2678; x_wconf 88' lang='lat' dir='ltr'>Antistrophi</span> <span class='ocrx_word' id='word_1_225' title='bbox 775 2601 887 2657; x_wconf 88' lang='lat' dir='ltr'>numeri</span> <span class='ocrx_word' id='word_1_226' title='bbox 907 2611 973 2658; x_wconf 91' lang='lat' dir='ltr'>sunt</span> <span class='ocrx_word' id='word_1_227' title='bbox 988 2615 1057 2672; x_wconf 88' lang='grc'>543,</span> <span class='ocrx_word' id='word_1_228' title='bbox 1071 2598 1225 2656; x_wconf 89' lang='lat' dir='ltr'>uerisimile</span> <span class='ocrx_word' id='word_1_229' title='bbox 1246 2608 1291 2656; x_wconf 91' lang='lat' dir='ltr'>est</span> <span class='ocrx_word' id='word_1_230' title='bbox 1306 2597 1384 2655; x_wconf 81' lang='lat' dir='ltr'>Stro</span> 
     </span>
     <span class='ocr_line' id='line_1_24' title="bbox 238 2693 1387 2777; baseline -0.004 -19"><span class='ocrx_word' id='word_1_231' title='bbox 238 2701 336 2777; x_wconf 90' lang='lat' dir='ltr'>pham,</span> <span class='ocrx_word' id='word_1_232' title='bbox 352 2720 441 2777; x_wconf 90' lang='lat' dir='ltr'>quarn</span> <span class='ocrx_word' id='word_1_233' title='bbox 456 2702 485 2758; x_wconf 93' lang='lat' dir='ltr'>in</span> <span class='ocrx_word' id='word_1_234' title='bbox 502 2715 528 2772; x_wconf 91' lang='lat'>5,</span> <span class='ocrx_word' id='word_1_235' title='bbox 545 2716 560 2774; x_wconf 80' lang='lat'>7</span> <span class='ocrx_word' id='word_1_236' title='bbox 577 2701 636 2758; x_wconf 89' lang='lat' dir='ltr'>iam</span> <span class='ocrx_word' id='word_1_237' title='bbox 654 2699 780 2758; x_wconf 90' lang='lat' dir='ltr'>uidimus</span> <span class='ocrx_word' id='word_1_238' title='bbox 798 2697 955 2767; x_wconf 90' lang='lat' dir='ltr'>discedere,</span> <span class='ocrx_word' id='word_1_239' title='bbox 972 2716 1068 2756; x_wconf 88' lang='lat' dir='ltr'>rursus</span> <span class='ocrx_word' id='word_1_240' title='bbox 1083 2698 1113 2754; x_wconf 91' lang='lat' dir='ltr'>in</span> <span class='ocrx_word' id='word_1_241' title='bbox 1128 2712 1186 2771; x_wconf 83' lang='lat'>543</span> <span class='ocrx_word' id='word_1_242' title='bbox 1203 2697 1305 2754; x_wconf 91' lang='lat' dir='ltr'>scindi.</span> <span class='ocrx_word' id='word_1_243' title='bbox 1349 2693 1387 2753; x_wconf 88' lang='lat' dir='ltr'>Et</span> 
     </span>
     <span class='ocr_line' id='line_1_25' title="bbox 237 2795 1385 2875; baseline -0.005 -19"><span class='ocrx_word' id='word_1_244' title='bbox 237 2800 394 2870; x_wconf 89' lang='lat' dir='ltr'>scinditur;</span> <span class='ocrx_word' id='word_1_245' title='bbox 417 2818 487 2857; x_wconf 88' lang='lat' dir='ltr'>nam</span> <span class='ocrx_word' id='word_1_246' title='bbox 502 2809 569 2875; x_wconf 91' lang='lat' dir='ltr'>post</span> <span class='ocrx_word' id='word_1_247' title='bbox 584 2808 829 2858; x_wconf 87' lang='lat' dir='ltr'>commemoratos</span> <span class='ocrx_word' id='word_1_248' title='bbox 845 2797 926 2855; x_wconf 90' lang='lat' dir='ltr'>locos</span> <span class='ocrx_word' id='word_1_249' title='bbox 940 2814 1016 2872; x_wconf 92' lang='lat' dir='ltr'>quos</span> <span class='ocrx_word' id='word_1_250' title='bbox 1031 2795 1179 2854; x_wconf 88' lang='lat' dir='ltr'>Phasellus</span> <span class='ocrx_word' id='word_1_251' title='bbox 1195 2797 1309 2865; x_wconf 86' lang='lat' dir='ltr'>uiserat,</span> <span class='ocrx_word' id='word_1_252' title='bbox 1325 2813 1385 2851; x_wconf 92' lang='lat' dir='ltr'>non</span> 
     </span>
     <span class='ocr_line' id='line_1_26' title="bbox 238 2892 1383 2955; baseline -0.005 -1"><span class='ocrx_word' id='word_1_253' title='bbox 238 2898 339 2955; x_wconf 89' lang='lat' dir='ltr'>inscite</span> <span class='ocrx_word' id='word_1_254' title='bbox 359 2898 395 2954; x_wconf 85' lang='lat' dir='ltr'>ab</span> <span class='ocrx_word' id='word_1_255' title='bbox 411 2897 511 2954; x_wconf 90' lang='lat' dir='ltr'>ultimo</span> <span class='ocrx_word' id='word_1_256' title='bbox 533 2897 637 2954; x_wconf 91' lang='lat' dir='ltr'>horum</span> <span class='ocrx_word' id='word_1_257' title='bbox 655 2896 751 2953; x_wconf 92' lang='lat' dir='ltr'>Ponto</span> <span class='ocrx_word' id='word_1_258' title='bbox 770 2896 903 2952; x_wconf 89' lang='lat' dir='ltr'>transitur</span> <span class='ocrx_word' id='word_1_259' title='bbox 924 2894 961 2952; x_wconf 90' lang='lat' dir='ltr'>ad</span> <span class='ocrx_word' id='word_1_260' title='bbox 978 2894 1101 2952; x_wconf 91' lang='lat' dir='ltr'>Phaselli</span> <span class='ocrx_word' id='word_1_261' title='bbox 1121 2892 1249 2951; x_wconf 88' lang='lat' dir='ltr'>natalem</span> <span class='ocrx_word' id='word_1_262' title='bbox 1264 2892 1383 2950; x_wconf 91' lang='lat' dir='ltr'>domum</span> 
     </span>
     <span class='ocr_line' id='line_1_27' title="bbox 238 2990 1384 3070; baseline -0.003 -17"><span class='ocrx_word' id='word_1_263' title='bbox 238 2995 377 3070; x_wconf 86' lang='lat' dir='ltr'>Cytorum</span> <span class='ocrx_word' id='word_1_264' title='bbox 400 2994 457 3054; x_wconf 91' lang='lat' dir='ltr'>hoc</span> <span class='ocrx_word' id='word_1_265' title='bbox 485 3013 570 3053; x_wconf 89' lang='lat' dir='ltr'>uersu</span> <span class='ocrx_word' id='word_1_266' title='bbox 600 2994 652 3051; x_wconf 82' lang='lat' dir='ltr'>Vbi</span> <span class='ocrx_word' id='word_1_267' title='bbox 671 2997 720 3052; x_wconf 83' lang='lat' dir='ltr'>r&#39;sle</span> <span class='ocrx_word' id='word_1_268' title='bbox 736 3000 799 3069; x_wconf 81' lang='lat' dir='ltr'>post</span> <span class='ocrx_word' id='word_1_269' title='bbox 817 2993 967 3068; x_wconf 76' lang='lat' dir='ltr'>phasellus·</span> <span class='ocrx_word' id='word_1_270' title='bbox 979 2999 1059 3050; x_wconf 84' lang='lat' dir='ltr'>antea</span> <span class='ocrx_word' id='word_1_271' title='bbox 1069 2992 1139 3070; x_wconf 77' lang='lat' dir='ltr'>suit</span> <span class='ocrx_word' id='word_1_272' title='bbox 1160 2990 1276 3050; x_wconf 80' lang='lat' dir='ltr'>Comata</span> <span class='ocrx_word' id='word_1_273' title='bbox 1301 2993 1384 3049; x_wconf 84' lang='lat' dir='ltr'>sr&#39;luu.</span> 
     </span>
     <span class='ocr_line' id='line_1_28' title="bbox 240 3088 1384 3169; baseline -0.002 -21"><span class='ocrx_word' id='word_1_274' title='bbox 240 3091 346 3150; x_wconf 91' lang='lat' dir='ltr'>Totius</span> <span class='ocrx_word' id='word_1_275' title='bbox 372 3094 455 3168; x_wconf 85' lang='lat' dir='ltr'>igitur</span> <span class='ocrx_word' id='word_1_276' title='bbox 481 3097 569 3165; x_wconf 76' lang='grc' dir='ltr'><em>σχῆμα</em></span> <span class='ocrx_word' id='word_1_277' title='bbox 594 3094 651 3153; x_wconf 92' lang='lat' dir='ltr'>hoc</span> <span class='ocrx_word' id='word_1_278' title='bbox 676 3104 719 3150; x_wconf 88' lang='lat' dir='ltr'>est</span> <span class='ocrx_word' id='word_1_279' title='bbox 746 3110 779 3148; x_wconf 90' lang='lat'>12</span> <span class='ocrx_word' id='word_1_280' title='bbox 807 3088 893 3169; x_wconf 81' lang='lat'>(543)</span> <span class='ocrx_word' id='word_1_281' title='bbox 922 3110 955 3148; x_wconf 90' lang='lat'>12</span> <span class='ocrx_word' id='word_1_282' title='bbox 981 3090 1102 3169; x_wconf 77' lang='lat'>(543)÷</span> <span class='ocrx_word' id='word_1_283' title='bbox 1112 3110 1138 3165; x_wconf 87' lang='lat'>3.</span> <span class='ocrx_word' id='word_1_284' title='bbox 1194 3090 1255 3167; x_wconf 83' lang='lat' dir='ltr'>(Cf.</span> <span class='ocrx_word' id='word_1_285' title='bbox 1281 3089 1384 3147; x_wconf 86' lang='lat' dir='ltr'>Frank.</span> 
     </span>
     <span class='ocr_line' id='line_1_29' title="bbox 236 3189 400 3267; baseline 0.012 -2"><span class='ocrx_word' id='word_1_286' title='bbox 236 3208 286 3266; x_wconf 82' lang='lat' dir='ltr'>rr&gt;-</span> <span class='ocrx_word' id='word_1_287' title='bbox 302 3192 329 3260; x_wconf 67' lang='lat'>8,</span> <span class='ocrx_word' id='word_1_288' title='bbox 345 3189 400 3267; x_wconf 86' lang='lat'>9¹)-</span> 
     </span>
    </p>

    <p class='ocr_par' dir='ltr' id='par_1_3' title="bbox 231 3312 1422 3982">
     <span class='ocr_line' id='line_1_30' title="bbox 277 3312 1383 3392; baseline -0.002 -20"><span class='ocrx_word' id='word_1_289' title='bbox 277 3313 310 3372; x_wconf 93' lang='lat' dir='ltr'>C.</span> <span class='ocrx_word' id='word_1_290' title='bbox 326 3313 354 3370; x_wconf 92' lang='lat' dir='ltr'>V</span> <span class='ocrx_word' id='word_1_291' title='bbox 366 3313 478 3372; x_wconf 90' lang='lat' dir='ltr'>Primus</span> <span class='ocrx_word' id='word_1_292' title='bbox 494 3314 646 3373; x_wconf 83' lang='lat' dir='ltr'>Maurerus</span> <span class='ocrx_word' id='word_1_293' title='bbox 657 3315 749 3392; x_wconf 85' lang='lat' dir='ltr'>(Mus.</span> <span class='ocrx_word' id='word_1_294' title='bbox 765 3316 857 3375; x_wconf 90' lang='lat' dir='ltr'>Rhen.</span> <span class='ocrx_word' id='word_1_295' title='bbox 872 3315 954 3373; x_wconf 88' lang='lat' dir='ltr'>XIV.</span> <span class='ocrx_word' id='word_1_296' title='bbox 972 3312 1042 3392; x_wconf 84' lang='lat'>322)</span> <span class='ocrx_word' id='word_1_297' title='bbox 1054 3315 1083 3371; x_wconf 94' lang='lat' dir='ltr'>in</span> <span class='ocrx_word' id='word_1_298' title='bbox 1098 3325 1235 3390; x_wconf 89' lang='lat' dir='ltr'>quattuor</span> <span class='ocrx_word' id='word_1_299' title='bbox 1250 3314 1383 3388; x_wconf 88' lang='lat' dir='ltr'>strophas</span> 
     </span>
     <span class='ocr_line' id='line_1_31' title="bbox 237 3412 1383 3488; baseline -0.003 -17"><span class='ocrx_word' id='word_1_300' title='bbox 237 3412 386 3487; x_wconf 89' lang='lat' dir='ltr'>descripsit</span> <span class='ocrx_word' id='word_1_301' title='bbox 400 3413 539 3469; x_wconf 90' lang='lat' dir='ltr'>trinorum</span> <span class='ocrx_word' id='word_1_302' title='bbox 554 3431 700 3471; x_wconf 90' lang='lat' dir='ltr'>uersuum.</span> <span class='ocrx_word' id='word_1_303' title='bbox 745 3414 814 3473; x_wconf 94' lang='lat' dir='ltr'>Hoc</span> <span class='ocrx_word' id='word_1_304' title='bbox 829 3424 860 3472; x_wconf 91' lang='lat' dir='ltr'>ut</span> <span class='ocrx_word' id='word_1_305' title='bbox 875 3413 988 3484; x_wconf 84' lang='lat' dir='ltr'>laceret,</span> <span class='ocrx_word' id='word_1_306' title='bbox 1003 3423 1169 3488; x_wconf 87' lang='lat' dir='ltr'>postremos</span> <span class='ocrx_word' id='word_1_307' title='bbox 1189 3412 1265 3469; x_wconf 90' lang='lat' dir='ltr'>duos</span> <span class='ocrx_word' id='word_1_308' title='bbox 1280 3413 1383 3480; x_wconf 91' lang='lat' dir='ltr'>omisit,</span> 
     </span>
     <span class='ocr_line' id='line_1_32' title="bbox 235 3509 1383 3586; baseline -0.003 -17"><span class='ocrx_word' id='word_1_309' title='bbox 235 3529 326 3569; x_wconf 90' lang='lat' dir='ltr'>unum</span> <span class='ocrx_word' id='word_1_310' title='bbox 347 3511 409 3586; x_wconf 87' lang='lat' dir='ltr'>ipse</span> <span class='ocrx_word' id='word_1_311' title='bbox 430 3509 622 3585; x_wconf 88' lang='lat' dir='ltr'>interpolauit.</span> <span class='ocrx_word' id='word_1_312' title='bbox 664 3511 710 3569; x_wconf 91' lang='lat' dir='ltr'>De</span> <span class='ocrx_word' id='word_1_313' title='bbox 732 3530 780 3569; x_wconf 91' lang='lat' dir='ltr'>uu.</span> <span class='ocrx_word' id='word_1_314' title='bbox 799 3530 854 3585; x_wconf 88' lang='lat'>1-9</span> <span class='ocrx_word' id='word_1_315' title='bbox 876 3511 1042 3570; x_wconf 90' lang='lat' dir='ltr'>Maurerum</span> <span class='ocrx_word' id='word_1_316' title='bbox 1064 3528 1166 3568; x_wconf 90' lang='lat' dir='ltr'>uerum</span> <span class='ocrx_word' id='word_1_317' title='bbox 1187 3511 1297 3568; x_wconf 86' lang='lat' dir='ltr'>uidisse</span> <span class='ocrx_word' id='word_1_318' title='bbox 1319 3528 1383 3567; x_wconf 89' lang='lat' dir='ltr'>cum</span> 
     </span>
     <span class='ocr_line' id='line_1_33' title="bbox 236 3607 1382 3686; baseline -0.001 -19"><span class='ocrx_word' id='word_1_319' title='bbox 236 3609 400 3667; x_wconf 87' lang='lat' dir='ltr'>Ribbeckio</span> <span class='ocrx_word' id='word_1_320' title='bbox 422 3607 559 3667; x_wconf 90' lang='lat' dir='ltr'>Richtero</span> <span class='ocrx_word' id='word_1_321' title='bbox 581 3609 709 3668; x_wconf 88' lang='lat' dir='ltr'>Frankio</span> <span class='ocrx_word' id='word_1_322' title='bbox 730 3611 851 3686; x_wconf 81' lang='lat' dir='ltr'>largior3</span> <span class='ocrx_word' id='word_1_323' title='bbox 873 3612 903 3667; x_wconf 90' lang='lat' dir='ltr'>in</span> <span class='ocrx_word' id='word_1_324' title='bbox 924 3611 1025 3668; x_wconf 90' lang='lat' dir='ltr'>ceteris</span> <span class='ocrx_word' id='word_1_325' title='bbox 1044 3628 1100 3666; x_wconf 89' lang='lat' dir='ltr'>nec</span> <span class='ocrx_word' id='word_1_326' title='bbox 1117 3609 1195 3666; x_wconf 93' lang='lat' dir='ltr'>hunc</span> <span class='ocrx_word' id='word_1_327' title='bbox 1215 3611 1311 3686; x_wconf 93' lang='lat' dir='ltr'>probo</span> <span class='ocrx_word' id='word_1_328' title='bbox 1331 3628 1382 3666; x_wconf 88' lang='lat' dir='ltr'>nec</span> 
     </span>
     <span class='ocr_line' id='line_1_34' title="bbox 237 3708 1383 3786; baseline -0.003 -20"><span class='ocrx_word' id='word_1_329' title='bbox 237 3708 431 3767; x_wconf 88' lang='lat' dir='ltr'>Ribbeckium</span> <span class='ocrx_word' id='word_1_330' title='bbox 456 3708 682 3785; x_wconf 88' lang='lat' dir='ltr'>Richterumque</span> <span class='ocrx_word' id='word_1_331' title='bbox 707 3710 756 3786; x_wconf 89' lang='lat' dir='ltr'>qui</span> <span class='ocrx_word' id='word_1_332' title='bbox 778 3709 892 3767; x_wconf 82' lang='lat' dir='ltr'>sublato</span> <span class='ocrx_word' id='word_1_333' title='bbox 917 3728 946 3766; x_wconf 91' lang='lat' dir='ltr'>u.</span> <span class='ocrx_word' id='word_1_334' title='bbox 964 3727 999 3782; x_wconf 83' lang='lat'>13</span> <span class='ocrx_word' id='word_1_335' title='bbox 1022 3718 1153 3784; x_wconf 88' lang='lat' dir='ltr'>quartam</span> <span class='ocrx_word' id='word_1_336' title='bbox 1183 3708 1336 3784; x_wconf 90' lang='lat' dir='ltr'>stropham</span> <span class='ocrx_word' id='word_1_337' title='bbox 1357 3719 1383 3765; x_wconf 89' lang='lat' dir='ltr'>et</span> 
     </span>
     <span class='ocr_line' id='line_1_35' title="bbox 237 3804 1422 3885; baseline -0.004 -19"><span class='ocrx_word' id='word_1_338' title='bbox 237 3809 291 3885; x_wconf 91' lang='lat' dir='ltr'>ipsi</span> <span class='ocrx_word' id='word_1_339' title='bbox 315 3808 453 3866; x_wconf 90' lang='lat' dir='ltr'>trinorum</span> <span class='ocrx_word' id='word_1_340' title='bbox 475 3807 592 3865; x_wconf 82' lang='lat' dir='ltr'>faciunt.</span> <span class='ocrx_word' id='word_1_341' title='bbox 636 3807 714 3866; x_wconf 89' lang='lat' dir='ltr'>Nam</span> <span class='ocrx_word' id='word_1_342' title='bbox 736 3804 781 3885; x_wconf 84' lang='lat'>(1)</span> <span class='ocrx_word' id='word_1_343' title='bbox 803 3809 832 3865; x_wconf 92' lang='lat' dir='ltr'>in</span> <span class='ocrx_word' id='word_1_344' title='bbox 854 3827 881 3866; x_wconf 88' lang='lat' dir='ltr'>u.</span> <span class='ocrx_word' id='word_1_345' title='bbox 901 3826 933 3864; x_wconf 91' lang='lat'>12</span> <span class='ocrx_word' id='word_1_346' title='bbox 951 3806 995 3863; x_wconf 81' lang='lat' dir='ltr'>Et</span> <span class='ocrx_word' id='word_1_347' title='bbox 1013 3826 1045 3862; x_wconf 85' lang='lat' dir='ltr'>ne</span> <span class='ocrx_word' id='word_1_348' title='bbox 1065 3807 1128 3879; x_wconf 82' lang='lat' dir='ltr'>qur&#39;s</span> <span class='ocrx_word' id='word_1_349' title='bbox 1148 3806 1241 3863; x_wconf 85' lang='lat' dir='ltr'>malus</span> <span class='ocrx_word' id='word_1_350' title='bbox 1263 3808 1383 3863; x_wconf 58' lang='lat' dir='ltr'>mutilare</span> <span class='ocrx_word' id='word_1_351' title='bbox 1418 3829 1422 3837; x_wconf 96' lang='lat'>·</span> 
     </span>
     <span class='ocr_line' id='line_1_36' title="bbox 231 3904 1381 3982; baseline -0.003 -19"><span class='ocrx_word' id='word_1_352' title='bbox 231 3909 320 3981; x_wconf 75' lang='lat' dir='ltr'>possit</span> <span class='ocrx_word' id='word_1_353' title='bbox 335 3906 421 3963; x_wconf 90' lang='lat' dir='ltr'>nimis</span> <span class='ocrx_word' id='word_1_354' title='bbox 442 3906 563 3981; x_wconf 83' lang='lat' dir='ltr'>abrupte</span> <span class='ocrx_word' id='word_1_355' title='bbox 586 3904 725 3962; x_wconf 86' lang='lat' dir='ltr'>clauditur</span> <span class='ocrx_word' id='word_1_356' title='bbox 747 3924 871 3976; x_wconf 88' lang='lat' dir='ltr'>carmen,</span> <span class='ocrx_word' id='word_1_357' title='bbox 888 3904 932 3981; x_wconf 76' lang='lat'>(2)</span> <span class='ocrx_word' id='word_1_358' title='bbox 948 3923 1003 3982; x_wconf 93' lang='lat' dir='ltr'>pro</span> <span class='ocrx_word' id='word_1_359' title='bbox 1024 3923 1050 3961; x_wconf 90' lang='lat' dir='ltr'>u.</span> <span class='ocrx_word' id='word_1_360' title='bbox 1072 3922 1106 3977; x_wconf 88' lang='lat'>13</span> <span class='ocrx_word' id='word_1_361' title='bbox 1130 3914 1186 3961; x_wconf 86' lang='lat' dir='ltr'>stat</span> <span class='ocrx_word' id='word_1_362' title='bbox 1207 3905 1334 3963; x_wconf 86' lang='lat' dir='ltr'>imitator</span> <span class='ocrx_word' id='word_1_363' title='bbox 1355 3905 1381 3961; x_wconf 93' lang='lat' dir='ltr'>in</span> 
     </span>
    </p>
   </div>
   <div class='ocr_carea' id='block_1_3' title="bbox 234 4052 1382 4529">
    <p class='ocr_par' dir='ltr' id='par_1_4' title="bbox 234 4052 1382 4529">
     <span class='ocr_line' id='line_1_37' title="bbox 269 4052 1382 4114; baseline 0.002 -15"><span class='ocrx_word' id='word_1_364' title='bbox 269 4053 277 4081; x_wconf 92' lang='lat'><strong>¹</strong></span> <span class='ocrx_word' id='word_1_365' title='bbox 295 4054 349 4100; x_wconf 92' lang='lat' dir='ltr'>Non</span> <span class='ocrx_word' id='word_1_366' title='bbox 362 4068 399 4099; x_wconf 89' lang='lat' dir='ltr'>rue</span> <span class='ocrx_word' id='word_1_367' title='bbox 413 4053 469 4099; x_wconf 83' lang='lat' dir='ltr'>fallit</span> <span class='ocrx_word' id='word_1_368' title='bbox 478 4052 645 4112; x_wconf 86' lang='lat' dir='ltr'>Westphalium</span> <span class='ocrx_word' id='word_1_369' title='bbox 656 4054 689 4111; x_wconf 94' lang='lat' dir='ltr'>(p.</span> <span class='ocrx_word' id='word_1_370' title='bbox 699 4055 758 4112; x_wconf 82' lang='lat'><em>272)</em></span> <span class='ocrx_word' id='word_1_371' title='bbox 768 4054 823 4100; x_wconf 90' lang='lat' dir='ltr'>nihil</span> <span class='ocrx_word' id='word_1_372' title='bbox 835 4055 965 4101; x_wconf 84' lang='lat' dir='ltr'>huiusmodi</span> <span class='ocrx_word' id='word_1_373' title='bbox 977 4055 999 4100; x_wconf 93' lang='lat' dir='ltr'>in</span> <span class='ocrx_word' id='word_1_374' title='bbox 1011 4052 1116 4099; x_wconf 79' lang='lat' dir='ltr'>Phasello</span> <span class='ocrx_word' id='word_1_375' title='bbox 1128 4068 1221 4112; x_wconf 85' lang='lat' dir='ltr'>ponere,</span> <span class='ocrx_word' id='word_1_376' title='bbox 1234 4055 1296 4114; x_wconf 90' lang='lat' dir='ltr'>quod</span> <span class='ocrx_word' id='word_1_377' title='bbox 1306 4055 1382 4101; x_wconf 80' lang='lat' dir='ltr'>Archi·</span> 
     </span>
     <span class='ocr_line' id='line_1_38' title="bbox 235 4134 1381 4196; baseline 0.003 -13"><span class='ocrx_word' id='word_1_378' title='bbox 235 4137 323 4191; x_wconf 86' lang='lat' dir='ltr'>lochus,</span> <span class='ocrx_word' id='word_1_379' title='bbox 342 4151 411 4195; x_wconf 85' lang='lat' dir='ltr'>quem</span> <span class='ocrx_word' id='word_1_380' title='bbox 431 4136 454 4180; x_wconf 91' lang='lat' dir='ltr'>iu</span> <span class='ocrx_word' id='word_1_381' title='bbox 474 4134 556 4180; x_wconf 78' lang='lat' dir='ltr'>iambis</span> <span class='ocrx_word' id='word_1_382' title='bbox 576 4134 692 4181; x_wconf 80' lang='lat' dir='ltr'>Catullum</span> <span class='ocrx_word' id='word_1_383' title='bbox 713 4135 795 4182; x_wconf 85' lang='lat' dir='ltr'>imitari</span> <span class='ocrx_word' id='word_1_384' title='bbox 816 4137 947 4194; x_wconf 75' lang='lat' dir='ltr'>existumat,</span> <span class='ocrx_word' id='word_1_385' title='bbox 966 4135 1071 4196; x_wconf 79' lang='lat' dir='ltr'>strophas</span> <span class='ocrx_word' id='word_1_386' title='bbox 1088 4135 1181 4196; x_wconf 76' lang='lat' dir='ltr'>quidun</span> <span class='ocrx_word' id='word_1_387' title='bbox 1199 4136 1222 4181; x_wconf 94' lang='lat' dir='ltr'>in</span> <span class='ocrx_word' id='word_1_388' title='bbox 1240 4137 1324 4184; x_wconf 83' lang='lat' dir='ltr'>iambis</span> <span class='ocrx_word' id='word_1_389' title='bbox 1340 4138 1381 4185; x_wconf 81' lang='lat' dir='ltr'>suit</span> 
     </span>
     <span class='ocr_line' id='line_1_39' title="bbox 235 4216 1380 4280; baseline 0.001 -16"><span class='ocrx_word' id='word_1_390' title='bbox 235 4220 315 4267; x_wconf 85' lang='lat' dir='ltr'>fecerit</span> <span class='ocrx_word' id='word_1_391' title='bbox 332 4219 371 4264; x_wconf 85' lang='lat' dir='ltr'>sed</span> <span class='ocrx_word' id='word_1_392' title='bbox 388 4217 542 4276; x_wconf 78' lang='lat' dir='ltr'>simpliciores,</span> <span class='ocrx_word' id='word_1_393' title='bbox 554 4226 577 4262; x_wconf 92' lang='lat' dir='ltr'>et</span> <span class='ocrx_word' id='word_1_394' title='bbox 588 4232 644 4276; x_wconf 85' lang='lat' dir='ltr'>quas</span> <span class='ocrx_word' id='word_1_395' title='bbox 656 4233 685 4264; x_wconf 89' lang='lat' dir='ltr'>ne</span> <span class='ocrx_word' id='word_1_396' title='bbox 697 4218 775 4265; x_wconf 81' lang='lat' dir='ltr'>Alcaei</span> <span class='ocrx_word' id='word_1_397' title='bbox 786 4219 878 4280; x_wconf 88' lang='lat' dir='ltr'>quidem</span> <span class='ocrx_word' id='word_1_398' title='bbox 896 4235 938 4267; x_wconf 88' lang='lat' dir='ltr'>uec</span> <span class='ocrx_word' id='word_1_399' title='bbox 955 4219 1055 4279; x_wconf 71' lang='lat' dir='ltr'>Sapphus</span> <span class='ocrx_word' id='word_1_400' title='bbox 1065 4217 1164 4277; x_wconf 78' lang='lat' dir='ltr'>strophis</span> <span class='ocrx_word' id='word_1_401' title='bbox 1177 4216 1314 4279; x_wconf 69' lang='grc' dir='ltr'><strong><em>ἰσομέτροιι</em></strong></span> <span class='ocrx_word' id='word_1_402' title='bbox 1331 4235 1380 4265; x_wconf 90' lang='lat' dir='ltr'>con·</span> 
     </span>
     <span class='ocr_line' id='line_1_40' title="bbox 235 4296 1380 4366; baseline 0 -21"><span class='ocrx_word' id='word_1_403' title='bbox 235 4302 314 4347; x_wconf 82' lang='lat' dir='ltr'>tuleris</span> <span class='ocrx_word' id='word_1_404' title='bbox 326 4299 409 4346; x_wconf 85' lang='lat' dir='ltr'>nedum</span> <span class='ocrx_word' id='word_1_405' title='bbox 422 4296 523 4346; x_wconf 85' lang='lat' dir='ltr'>Catullo.</span> <span class='ocrx_word' id='word_1_406' title='bbox 546 4299 588 4344; x_wconf 85' lang='lat' dir='ltr'>Sed</span> <span class='ocrx_word' id='word_1_407' title='bbox 601 4315 654 4346; x_wconf 87' lang='lat' dir='ltr'>cum</span> <span class='ocrx_word' id='word_1_408' title='bbox 667 4315 696 4345; x_wconf 87' lang='lat' dir='ltr'>ex</span> <span class='ocrx_word' id='word_1_409' title='bbox 708 4300 840 4348; x_wconf 81' lang='lat' dir='ltr'>Archilochi</span> <span class='ocrx_word' id='word_1_410' title='bbox 856 4302 938 4348; x_wconf 79' lang='lat' dir='ltr'>iambis</span> <span class='ocrx_word' id='word_1_411' title='bbox 950 4301 1112 4348; x_wconf 85' lang='lat' dir='ltr'>tantummodo</span> <span class='ocrx_word' id='word_1_412' title='bbox 1124 4301 1235 4359; x_wconf 84' lang='lat' dir='ltr'>supersint</span> <span class='ocrx_word' id='word_1_413' title='bbox 1248 4301 1380 4366; x_wconf 78' lang='lat' dir='ltr'>fragmenta,</span> 
     </span>
     <span class='ocr_line' id='line_1_41' title="bbox 234 4381 1379 4443; baseline 0.002 -15"><span class='ocrx_word' id='word_1_414' title='bbox 234 4383 337 4428; x_wconf 81' lang='lat' dir='ltr'>Catullus</span> <span class='ocrx_word' id='word_1_415' title='bbox 348 4388 427 4425; x_wconf 83' lang='lat' dir='ltr'>autem</span> <span class='ocrx_word' id='word_1_416' title='bbox 444 4381 514 4427; x_wconf 85' lang='lat' dir='ltr'>etiam</span> <span class='ocrx_word' id='word_1_417' title='bbox 527 4383 583 4428; x_wconf 80' lang='lat' dir='ltr'>alios</span> <span class='ocrx_word' id='word_1_418' title='bbox 598 4384 700 4443; x_wconf 85' lang='lat' dir='ltr'>potuerit</span> <span class='ocrx_word' id='word_1_419' title='bbox 712 4384 806 4440; x_wconf 85' lang='lat' dir='ltr'>imitari,</span> <span class='ocrx_word' id='word_1_420' title='bbox 818 4383 875 4431; x_wconf 92' lang='lat' dir='ltr'>nihil</span> <span class='ocrx_word' id='word_1_421' title='bbox 892 4385 946 4431; x_wconf 88' lang='lat' dir='ltr'>hinc</span> <span class='ocrx_word' id='word_1_422' title='bbox 963 4385 1019 4431; x_wconf 88' lang='lat' dir='ltr'>certi</span> <span class='ocrx_word' id='word_1_423' title='bbox 1035 4384 1166 4431; x_wconf 86' lang='lat' dir='ltr'>conclusum</span> <span class='ocrx_word' id='word_1_424' title='bbox 1183 4385 1288 4434; x_wconf 85' lang='lat' dir='ltr'>arbitror.</span> <span class='ocrx_word' id='word_1_425' title='bbox 1322 4385 1349 4431; x_wconf 82' lang='lat' dir='ltr'>lit</span> <span class='ocrx_word' id='word_1_426' title='bbox 1361 4398 1379 4430; x_wconf 86' lang='lat' dir='ltr'>c.</span> 
     </span>
     <span class='ocr_line' id='line_1_42' title="bbox 234 4461 1257 4529; baseline 0.006 -21"><span class='ocrx_word' id='word_1_427' title='bbox 234 4462 314 4508; x_wconf 86' lang='lat' dir='ltr'><strong>XXIX</strong></span> <span class='ocrx_word' id='word_1_428' title='bbox 326 4461 411 4508; x_wconf 84' lang='lat' dir='ltr'>Catulli</span> <span class='ocrx_word' id='word_1_429' title='bbox 425 4463 471 4522; x_wconf 85' lang='lat' dir='ltr'>ipse</span> <span class='ocrx_word' id='word_1_430' title='bbox 482 4464 635 4525; x_wconf 79' lang='lat' dir='ltr'>Westphalius</span> <span class='ocrx_word' id='word_1_431' title='bbox 648 4465 670 4511; x_wconf 90' lang='lat' dir='ltr'>in</span> <span class='ocrx_word' id='word_1_432' title='bbox 683 4467 782 4527; x_wconf 85' lang='lat' dir='ltr'>quinque</span> <span class='ocrx_word' id='word_1_433' title='bbox 794 4467 897 4526; x_wconf 82' lang='lat' dir='ltr'>strophas</span> <span class='ocrx_word' id='word_1_434' title='bbox 910 4468 994 4529; x_wconf 83' lang='lat' dir='ltr'>redegit</span> <span class='ocrx_word' id='word_1_435' title='bbox 1007 4468 1127 4526; x_wconf 88' lang='lat' dir='ltr'>quinorum</span> <span class='ocrx_word' id='word_1_436' title='bbox 1140 4481 1257 4515; x_wconf 81' lang='lat' dir='ltr'>uersuum.</span> 
     </span>
    </p>
   </div>
   <div class='ocr_carea' id='block_1_4' title="bbox 0 0 1440 5002">
    <p class='ocr_par' dir='ltr' id='par_1_5' title="bbox 0 0 1440 5002">
     <span class='ocr_line' id='line_1_43' title="bbox 0 0 1440 5002; baseline 0 0"><span class='ocrx_word' id='word_1_437' title='bbox 0 0 1440 5002; x_wconf 95' lang='lat' dir='ltr'> </span> 
     </span>
    </p>
   </div>
  </div>
 </body>
</html>
