<?xml version="1.0" encoding="UTF-8"?>
<!DOCTYPE html PUBLIC "-//W3C//DTD XHTML 1.0 Transitional//EN"
    "http://www.w3.org/TR/xhtml1/DTD/xhtml1-transitional.dtd">
<html xmlns="http://www.w3.org/1999/xhtml" xml:lang="en" lang="en">
 <head>
  <title>
</title>
<meta http-equiv="Content-Type" content="text/html;charset=utf-8" />
  <meta name='ocr-system' content='tesseract 3.04.00' />
  <meta name='ocr-capabilities' content='ocr_page ocr_carea ocr_par ocr_line ocrx_word'/>
</head>
<body>
  <div class='ocr_page' id='page_1' title='image "./catulliliber00catugoog_0427.png"; bbox 0 0 2872 5002; ppageno 0'>
   <div class='ocr_carea' id='block_1_1' title="bbox 153 393 796 457">
    <p class='ocr_par' dir='ltr' id='par_1_1' title="bbox 153 393 796 457">
     <span class='ocr_line' id='line_1_1' title="bbox 153 393 796 457; baseline -0.003 -1"><span class='ocrx_word' id='word_1_1' title='bbox 153 400 211 457; x_wconf 82' lang='lat'>318</span> <span class='ocrx_word' id='word_1_2' title='bbox 580 393 796 454; x_wconf 88' lang='lat' dir='ltr'>EXCVRSVS</span> 
     </span>
    </p>
   </div>
   <div class='ocr_carea' id='block_1_2' title="bbox 148 552 1321 1808">
    <p class='ocr_par' dir='ltr' id='par_1_2' title="bbox 149 552 1309 1020">
     <span class='ocr_line' id='line_1_2' title="bbox 151 552 1309 633; baseline 0.002 -21"><span class='ocrx_word' id='word_1_3' title='bbox 151 553 326 630; x_wconf 86' lang='lat' dir='ltr'>quibusdam</span> <span class='ocrx_word' id='word_1_4' title='bbox 340 552 490 611; x_wconf 88' lang='lat' dir='ltr'>codicibus</span> <span class='ocrx_word' id='word_1_5' title='bbox 504 552 575 629; x_wconf 90' lang='lat' dir='ltr'>quid</span> <span class='ocrx_word' id='word_1_6' title='bbox 590 552 658 611; x_wconf 88' lang='lat' dir='ltr'>uelit</span> <span class='ocrx_word' id='word_1_7' title='bbox 677 568 738 611; x_wconf 89' lang='lat' dir='ltr'>non</span> <span class='ocrx_word' id='word_1_8' title='bbox 752 552 913 633; x_wconf 78' lang='lat' dir='ltr'>intellego).</span> <span class='ocrx_word' id='word_1_9' title='bbox 955 553 1113 627; x_wconf 83' lang='lat' dir='ltr'>Quamuis</span> <span class='ocrx_word' id='word_1_10' title='bbox 1127 557 1213 616; x_wconf 83' lang='lat' dir='ltr'>enim</span> <span class='ocrx_word' id='word_1_11' title='bbox 1229 556 1309 615; x_wconf 87' lang='lat' dir='ltr'>ebri-</span> 
     </span>
     <span class='ocr_line' id='line_1_3' title="bbox 152 649 1309 730; baseline 0.002 -19"><span class='ocrx_word' id='word_1_12' title='bbox 152 669 248 711; x_wconf 91' lang='lat' dir='ltr'>osam</span> <span class='ocrx_word' id='word_1_13' title='bbox 263 650 376 710; x_wconf 83' lang='lat' dir='ltr'>Gellius</span> <span class='ocrx_word' id='word_1_14' title='bbox 390 649 515 728; x_wconf 86' lang='lat' dir='ltr'>potuerit</span> <span class='ocrx_word' id='word_1_15' title='bbox 531 668 587 726; x_wconf 91' lang='lat' dir='ltr'>pro</span> <span class='ocrx_word' id='word_1_16' title='bbox 606 651 767 710; x_wconf 85' lang='lat' dir='ltr'>ebriosae</span> <span class='ocrx_word' id='word_1_17' title='bbox 787 668 850 709; x_wconf 88' lang='lat' dir='ltr'>aon</span> <span class='ocrx_word' id='word_1_18' title='bbox 868 652 967 712; x_wconf 85' lang='lat' dir='ltr'>minus</span> <span class='ocrx_word' id='word_1_19' title='bbox 986 671 1084 730; x_wconf 87' lang='lat' dir='ltr'>quam</span> <span class='ocrx_word' id='word_1_20' title='bbox 1102 671 1165 730; x_wconf 92' lang='lat' dir='ltr'>pro</span> <span class='ocrx_word' id='word_1_21' title='bbox 1180 655 1309 713; x_wconf 80' lang='lat' dir='ltr'>ebriosa</span> 
     </span>
     <span class='ocr_line' id='line_1_4' title="bbox 151 748 1308 828; baseline 0.004 -22"><span class='ocrx_word' id='word_1_22' title='bbox 151 766 271 826; x_wconf 90' lang='lat' dir='ltr'>ponere,</span> <span class='ocrx_word' id='word_1_23' title='bbox 285 760 314 807; x_wconf 89' lang='lat' dir='ltr'>at</span> <span class='ocrx_word' id='word_1_24' title='bbox 332 766 399 808; x_wconf 90' lang='lat' dir='ltr'>cum</span> <span class='ocrx_word' id='word_1_25' title='bbox 419 758 487 824; x_wconf 88' lang='lat' dir='ltr'>post</span> <span class='ocrx_word' id='word_1_26' title='bbox 506 748 671 807; x_wconf 85' lang='lat' dir='ltr'>ebriosae</span> <span class='ocrx_word' id='word_1_27' title='bbox 692 758 829 825; x_wconf 85' lang='lat' dir='ltr'>sequatur</span> <span class='ocrx_word' id='word_1_28' title='bbox 850 751 941 809; x_wconf 89' lang='lat' dir='ltr'>acin·</span> <span class='ocrx_word' id='word_1_29' title='bbox 962 751 1131 828; x_wconf 90' lang='lat' dir='ltr'>insequens</span> <span class='ocrx_word' id='word_1_30' title='bbox 1152 753 1238 811; x_wconf 88' lang='lat' dir='ltr'>litera</span> <span class='ocrx_word' id='word_1_31' title='bbox 1255 768 1308 811; x_wconf 90' lang='lat' dir='ltr'>uon</span> 
     </span>
     <span class='ocr_line' id='line_1_5' title="bbox 150 845 1308 925; baseline 0.006 -23"><span class='ocrx_word' id='word_1_32' title='bbox 150 855 247 922; x_wconf 87' lang='lat' dir='ltr'>potest</span> <span class='ocrx_word' id='word_1_33' title='bbox 267 846 322 904; x_wconf 88' lang='lat' dir='ltr'>alia</span> <span class='ocrx_word' id='word_1_34' title='bbox 342 864 406 905; x_wconf 88' lang='lat' dir='ltr'>esse</span> <span class='ocrx_word' id='word_1_35' title='bbox 426 864 515 922; x_wconf 87' lang='lat' dir='ltr'>quam</span> <span class='ocrx_word' id='word_1_36' title='bbox 535 864 561 904; x_wconf 84' lang='lat' dir='ltr'>a.</span> <span class='ocrx_word' id='word_1_37' title='bbox 603 845 718 904; x_wconf 85' lang='lat' dir='ltr'>Deinde</span> <span class='ocrx_word' id='word_1_38' title='bbox 739 847 892 922; x_wconf 86' lang='lat' dir='ltr'>genetiuos</span> <span class='ocrx_word' id='word_1_39' title='bbox 912 848 1008 925; x_wconf 84' lang='lat' dir='ltr'>qualis</span> <span class='ocrx_word' id='word_1_40' title='bbox 1029 860 1080 909; x_wconf 88' lang='lat' dir='ltr'>est</span> <span class='ocrx_word' id='word_1_41' title='bbox 1101 850 1308 910; x_wconf 77' lang='lat' dir='ltr'>ebriosioris</span> 
     </span>
     <span class='ocr_line' id='line_1_6' title="bbox 149 942 899 1020; baseline 0.001 -17"><span class='ocrx_word' id='word_1_42' title='bbox 149 945 270 1003; x_wconf 90' lang='lat' dir='ltr'>acinae</span> <span class='ocrx_word' id='word_1_43' title='bbox 284 944 312 1002; x_wconf 94' lang='lat' dir='ltr'>h.</span> <span class='ocrx_word' id='word_1_44' title='bbox 326 962 351 1002; x_wconf 91' lang='lat' dir='ltr'>e.</span> <span class='ocrx_word' id='word_1_45' title='bbox 368 942 473 1002; x_wconf 82' lang='lat' dir='ltr'>nimiae</span> <span class='ocrx_word' id='word_1_46' title='bbox 488 944 518 1001; x_wconf 89' lang='lat' dir='ltr'>in</span> <span class='ocrx_word' id='word_1_47' title='bbox 533 944 623 1002; x_wconf 90' lang='lat' dir='ltr'>acinis</span> <span class='ocrx_word' id='word_1_48' title='bbox 637 943 768 1003; x_wconf 84' lang='lat' dir='ltr'>Catullus</span> <span class='ocrx_word' id='word_1_49' title='bbox 782 947 899 1020; x_wconf 79' lang='lat' dir='ltr'>respuit.</span> 
     </span>
    </p>

    <p class='ocr_par' dir='ltr' id='par_1_3' title="bbox 148 1041 1321 1808">
     <span class='ocr_line' id='line_1_7' title="bbox 191 1041 1306 1123; baseline 0.005 -24"><span class='ocrx_word' id='word_1_50' title='bbox 191 1041 293 1118; x_wconf 88' lang='lat' dir='ltr'>Itaque</span> <span class='ocrx_word' id='word_1_51' title='bbox 318 1042 423 1099; x_wconf 89' lang='lat' dir='ltr'>relictis</span> <span class='ocrx_word' id='word_1_52' title='bbox 447 1041 599 1101; x_wconf 84' lang='lat' dir='ltr'>codicibus</span> <span class='ocrx_word' id='word_1_53' title='bbox 623 1042 785 1101; x_wconf 89' lang='lat' dir='ltr'>uidendum</span> <span class='ocrx_word' id='word_1_54' title='bbox 811 1062 848 1103; x_wconf 86' lang='lat' dir='ltr'>ex</span> <span class='ocrx_word' id='word_1_55' title='bbox 869 1042 1051 1120; x_wconf 80' lang='lat' dir='ltr'>Vergilianis</span> <span class='ocrx_word' id='word_1_56' title='bbox 1081 1044 1306 1123; x_wconf 84' lang='lat' dir='ltr'>Homericisqut</span> 
     </span>
     <span class='ocr_line' id='line_1_8' title="bbox 149 1134 1321 1219; baseline 0.001 -18"><span class='ocrx_word' id='word_1_57' title='bbox 149 1141 290 1216; x_wconf 83' lang='lat' dir='ltr'>exemplis</span> <span class='ocrx_word' id='word_1_58' title='bbox 310 1140 381 1216; x_wconf 91' lang='lat' dir='ltr'>quid</span> <span class='ocrx_word' id='word_1_59' title='bbox 401 1139 513 1198; x_wconf 89' lang='lat' dir='ltr'>Gellius</span> <span class='ocrx_word' id='word_1_60' title='bbox 534 1139 645 1198; x_wconf 80' lang='lat' dir='ltr'>dixerit.</span> <span class='ocrx_word' id='word_1_61' title='bbox 686 1139 722 1198; x_wconf 91' lang='lat' dir='ltr'>In</span> <span class='ocrx_word' id='word_1_62' title='bbox 736 1140 906 1219; x_wconf 73' lang='lat' dir='ltr'>Vergiliano</span> <span class='ocrx_word' id='word_1_63' title='bbox 925 1141 994 1201; x_wconf 91' lang='lat' dir='ltr'>loco</span> <span class='ocrx_word' id='word_1_64' title='bbox 1013 1142 1083 1202; x_wconf 86' lang='lat' dir='ltr'>sola</span> <span class='ocrx_word' id='word_1_65' title='bbox 1101 1145 1256 1217; x_wconf 71' lang='grc' dir='ltr'>πρὴχησιε</span> <span class='ocrx_word' id='word_1_66' title='bbox 1270 1134 1321 1202; x_wconf 62' lang='grc' dir='ltr'>ω’</span> 
     </span>
     <span class='ocr_line' id='line_1_9' title="bbox 149 1237 1306 1316; baseline 0.003 -18"><span class='ocrx_word' id='word_1_67' title='bbox 149 1241 294 1298; x_wconf 85' lang='lat' dir='ltr'>literarum</span> <span class='ocrx_word' id='word_1_68' title='bbox 308 1255 328 1296; x_wconf 97' lang='lat' dir='ltr'>o</span> <span class='ocrx_word' id='word_1_69' title='bbox 342 1256 362 1295; x_wconf 94' lang='lat' dir='ltr'>o</span> <span class='ocrx_word' id='word_1_70' title='bbox 376 1237 406 1295; x_wconf 91' lang='lat' dir='ltr'>in</span> <span class='ocrx_word' id='word_1_71' title='bbox 421 1237 478 1294; x_wconf 89' lang='lat' dir='ltr'>fine</span> <span class='ocrx_word' id='word_1_72' title='bbox 492 1238 577 1295; x_wconf 89' lang='lat' dir='ltr'>unius</span> <span class='ocrx_word' id='word_1_73' title='bbox 594 1256 704 1308; x_wconf 84' lang='lat' dir='ltr'>uersus,</span> <span class='ocrx_word' id='word_1_74' title='bbox 718 1240 799 1299; x_wconf 83' lang='lat' dir='ltr'>initio</span> <span class='ocrx_word' id='word_1_75' title='bbox 819 1239 936 1298; x_wconf 86' lang='lat' dir='ltr'>alterius</span> <span class='ocrx_word' id='word_1_76' title='bbox 957 1238 1098 1312; x_wconf 90' lang='lat' dir='ltr'>(Veseuo</span> <span class='ocrx_word' id='word_1_77' title='bbox 1118 1240 1212 1316; x_wconf 84' lang='lat' dir='ltr'>Ora),</span> <span class='ocrx_word' id='word_1_78' title='bbox 1225 1240 1306 1300; x_wconf 74' lang='lat' dir='ltr'>idea</span> 
     </span>
     <span class='ocr_line' id='line_1_10' title="bbox 148 1335 1307 1414; baseline -0.001 -17"><span class='ocrx_word' id='word_1_79' title='bbox 148 1357 206 1414; x_wconf 90' lang='lat' dir='ltr'>que</span> <span class='ocrx_word' id='word_1_80' title='bbox 227 1337 349 1396; x_wconf 80' lang='lat' dir='ltr'>fortasse</span> <span class='ocrx_word' id='word_1_81' title='bbox 372 1336 460 1395; x_wconf 85' lang='lat' dir='ltr'>etiam</span> <span class='ocrx_word' id='word_1_82' title='bbox 483 1336 514 1394; x_wconf 89' lang='lat' dir='ltr'>in</span> <span class='ocrx_word' id='word_1_83' title='bbox 539 1335 732 1395; x_wconf 90' lang='lat' dir='ltr'>Homericum</span> <span class='ocrx_word' id='word_1_84' title='bbox 756 1338 826 1396; x_wconf 90' lang='lat' dir='ltr'>illud</span> <span class='ocrx_word' id='word_1_85' title='bbox 849 1342 919 1394; x_wconf 69' lang='lat' dir='ltr'>aian</span> <span class='ocrx_word' id='word_1_86' title='bbox 941 1340 994 1394; x_wconf 68' lang='lat' dir='ltr'>ab·</span> <span class='ocrx_word' id='word_1_87' title='bbox 1018 1338 1125 1395; x_wconf 72' lang='grc' dir='ltr'><strong><em>ὖθωκε</em></strong></span> <span class='ocrx_word' id='word_1_88' title='bbox 1145 1343 1212 1396; x_wconf 77' lang='lat' dir='ltr'>ml</span> <span class='ocrx_word' id='word_1_89' title='bbox 1230 1343 1307 1413; x_wconf 65' lang='grc' dir='ltr'>λόφω</span> 
     </span>
     <span class='ocr_line' id='line_1_11' title="bbox 149 1433 1305 1521; baseline -0.001 -26"><span class='ocrx_word' id='word_1_90' title='bbox 149 1437 233 1505; x_wconf 77' lang='lat' dir='ltr'>cadit,</span> <span class='ocrx_word' id='word_1_91' title='bbox 262 1453 431 1521; x_wconf 89' lang='lat' dir='ltr'>quanquam</span> <span class='ocrx_word' id='word_1_92' title='bbox 458 1433 564 1510; x_wconf 84' lang='lat' dir='ltr'>duplex</span> <span class='ocrx_word' id='word_1_93' title='bbox 594 1459 636 1490; x_wconf 64' lang='lat' dir='ltr'>&lt;a</span> <span class='ocrx_word' id='word_1_94' title='bbox 666 1454 704 1494; x_wconf 88' lang='lat' dir='ltr'>ne</span> <span class='ocrx_word' id='word_1_95' title='bbox 732 1435 829 1512; x_wconf 90' lang='lat' dir='ltr'>ipsum</span> <span class='ocrx_word' id='word_1_96' title='bbox 856 1434 975 1512; x_wconf 87' lang='lat' dir='ltr'>quidem</span> <span class='ocrx_word' id='word_1_97' title='bbox 1004 1434 1161 1496; x_wconf 81' lang='lat' dir='ltr'>fortuitum</span> <span class='ocrx_word' id='word_1_98' title='bbox 1191 1437 1305 1496; x_wconf 89' lang='lat' dir='ltr'>uidetur.</span> 
     </span>
     <span class='ocr_line' id='line_1_12' title="bbox 151 1531 1304 1594; baseline 0 -1"><span class='ocrx_word' id='word_1_99' title='bbox 151 1534 210 1593; x_wconf 91' lang='lat' dir='ltr'>Sed</span> <span class='ocrx_word' id='word_1_100' title='bbox 221 1535 251 1593; x_wconf 90' lang='lat' dir='ltr'>in</span> <span class='ocrx_word' id='word_1_101' title='bbox 265 1533 395 1592; x_wconf 87' lang='lat' dir='ltr'>secundo</span> <span class='ocrx_word' id='word_1_102' title='bbox 409 1533 476 1591; x_wconf 90' lang='lat' dir='ltr'>loco</span> <span class='ocrx_word' id='word_1_103' title='bbox 491 1531 566 1591; x_wconf 91' lang='lat' dir='ltr'>Gelli</span> <span class='ocrx_word' id='word_1_104' title='bbox 580 1535 670 1592; x_wconf 83' lang='lat' dir='ltr'>uerba</span> <span class='ocrx_word' id='word_1_105' title='bbox 684 1551 745 1592; x_wconf 89' lang='lat' dir='ltr'>non</span> <span class='ocrx_word' id='word_1_106' title='bbox 759 1534 799 1592; x_wconf 87' lang='lat' dir='ltr'>ita</span> <span class='ocrx_word' id='word_1_107' title='bbox 812 1533 1018 1593; x_wconf 83' lang='lat' dir='ltr'>obstrinxerim</span> <span class='ocrx_word' id='word_1_108' title='bbox 1032 1544 1067 1593; x_wconf 93' lang='lat' dir='ltr'>ut</span> <span class='ocrx_word' id='word_1_109' title='bbox 1077 1535 1120 1594; x_wconf 88' lang='lat' dir='ltr'>ad</span> <span class='ocrx_word' id='word_1_110' title='bbox 1131 1545 1304 1594; x_wconf 82' lang='lat' dir='ltr'>concentum</span> 
     </span>
     <span class='ocr_line' id='line_1_13' title="bbox 150 1630 1305 1708; baseline 0.003 -19"><span class='ocrx_word' id='word_1_111' title='bbox 150 1632 353 1690; x_wconf 85' lang='lat' dir='ltr'>tantummodo</span> <span class='ocrx_word' id='word_1_112' title='bbox 374 1650 410 1689; x_wconf 92' lang='lat' dir='ltr'>ea</span> <span class='ocrx_word' id='word_1_113' title='bbox 429 1630 551 1690; x_wconf 83' lang='lat' dir='ltr'>reseram</span> <span class='ocrx_word' id='word_1_114' title='bbox 571 1632 620 1708; x_wconf 92' lang='lat' dir='ltr'>qui</span> <span class='ocrx_word' id='word_1_115' title='bbox 641 1643 686 1691; x_wconf 90' lang='lat' dir='ltr'>est</span> <span class='ocrx_word' id='word_1_116' title='bbox 706 1633 736 1689; x_wconf 91' lang='lat' dir='ltr'>in</span> <span class='ocrx_word' id='word_1_117' title='bbox 756 1632 863 1705; x_wconf 67' lang='grc' dir='ltr'>προρέει</span> <span class='ocrx_word' id='word_1_118' title='bbox 883 1631 975 1697; x_wconf 76' lang='grc' dir='ltr'><strong>εἰκυῖα,</strong></span> <span class='ocrx_word' id='word_1_119' title='bbox 990 1634 1087 1705; x_wconf 74' lang='grc' dir='ltr'>ψυχρῇ</span> <span class='ocrx_word' id='word_1_120' title='bbox 1109 1634 1136 1704; x_wconf 74' lang='grc' dir='ltr'>ἢ,</span> <span class='ocrx_word' id='word_1_121' title='bbox 1151 1651 1224 1692; x_wconf 84' lang='lat' dir='ltr'>nam</span> <span class='ocrx_word' id='word_1_122' title='bbox 1238 1644 1305 1692; x_wconf 89' lang='lat' dir='ltr'>uter·</span> 
     </span>
     <span class='ocr_line' id='line_1_14' title="bbox 150 1728 1121 1808; baseline 0.001 -21"><span class='ocrx_word' id='word_1_123' title='bbox 150 1749 207 1806; x_wconf 92' lang='lat' dir='ltr'>que</span> <span class='ocrx_word' id='word_1_124' title='bbox 221 1748 312 1788; x_wconf 89' lang='lat' dir='ltr'>sonus</span> <span class='ocrx_word' id='word_1_125' title='bbox 326 1741 355 1787; x_wconf 92' lang='lat' dir='ltr'>et</span> <span class='ocrx_word' id='word_1_126' title='bbox 369 1754 390 1786; x_wconf 71' lang='lat' dir='ltr'>a</span> <span class='ocrx_word' id='word_1_127' title='bbox 404 1741 432 1789; x_wconf 86' lang='lat' dir='ltr'>et</span> <span class='ocrx_word' id='word_1_128' title='bbox 446 1754 461 1800; x_wconf 78' lang='grc' dir='ltr'><strong><em>η</em></strong></span> <span class='ocrx_word' id='word_1_129' title='bbox 476 1748 526 1806; x_wconf 88' lang='lat' dir='ltr'>per</span> <span class='ocrx_word' id='word_1_130' title='bbox 540 1740 633 1788; x_wconf 85' lang='lat' dir='ltr'>totum</span> <span class='ocrx_word' id='word_1_131' title='bbox 648 1739 792 1808; x_wconf 84' lang='lat' dir='ltr'>utrmque</span> <span class='ocrx_word' id='word_1_132' title='bbox 806 1747 924 1789; x_wconf 89' lang='lat' dir='ltr'>uersum</span> <span class='ocrx_word' id='word_1_133' title='bbox 937 1728 1121 1806; x_wconf 88' lang='lat' dir='ltr'>producitur,</span> 
     </span>
    </p>
   </div>
   <div class='ocr_carea' id='block_1_3' title="bbox 432 1895 1042 2072">
    <p class='ocr_par' dir='ltr' id='par_1_4' title="bbox 432 1895 1042 2072">
     <span class='ocr_line' id='line_1_15' title="bbox 432 1895 1042 1972; baseline 0.039 -23"><span class='ocrx_word' id='word_1_134' title='bbox 432 1898 451 1968; x_wconf 65' lang='grc' dir='ltr'>ἡ</span> <span class='ocrx_word' id='word_1_135' title='bbox 473 1897 495 1951; x_wconf 77' lang='lat' dir='ltr'>u</span> <span class='ocrx_word' id='word_1_136' title='bbox 517 1900 592 1970; x_wconf 64' lang='grc' dir='ltr'><strong>ετερη</strong></span> <span class='ocrx_word' id='word_1_137' title='bbox 614 1899 688 1969; x_wconf 57' lang='lat' dir='ltr'>orpes</span> <span class='ocrx_word' id='word_1_138' title='bbox 709 1897 815 1970; x_wconf 66' lang='grc' dir='ltr'><strong>προρέει</strong></span> <span class='ocrx_word' id='word_1_139' title='bbox 835 1895 919 1953; x_wconf 71' lang='grc' dir='ltr'>εὺενῑα</span> <span class='ocrx_word' id='word_1_140' title='bbox 938 1898 1042 1972; x_wconf 66' lang='grc' dir='ltr'>χαλάζῃ</span> 
     </span>
     <span class='ocr_line' id='line_1_16' title="bbox 432 1994 1033 2072; baseline 0.025 -6"><span class='ocrx_word' id='word_1_141' title='bbox 432 1994 451 2066; x_wconf 80' lang='grc' dir='ltr'><strong>ἢ</strong></span> <span class='ocrx_word' id='word_1_142' title='bbox 472 1999 539 2067; x_wconf 60' lang='grc' dir='ltr'><strong><em>χιόνι</em></strong></span> <span class='ocrx_word' id='word_1_143' title='bbox 559 1995 656 2072; x_wconf 67' lang='lat' dir='ltr'>uviri</span> <span class='ocrx_word' id='word_1_144' title='bbox 674 1995 693 2067; x_wconf 81' lang='lat' dir='ltr'>i</span> <span class='ocrx_word' id='word_1_145' title='bbox 715 1996 745 2064; x_wconf 60' lang='grc' dir='ltr'>ἐξ</span> <span class='ocrx_word' id='word_1_146' title='bbox 765 1995 857 2052; x_wconf 55' lang='lat'><strong>{³³⁰⁹</strong></span> <span class='ocrx_word' id='word_1_147' title='bbox 877 1997 1033 2070; x_wconf 50' lang='grc' dir='ltr'>ΝΜ</span> 
     </span>
    </p>
   </div>
   <div class='ocr_carea' id='block_1_4' title="bbox 143 2157 1302 3292">
    <p class='ocr_par' dir='ltr' id='par_1_5' title="bbox 143 2157 1302 3292">
     <span class='ocr_line' id='line_1_17' title="bbox 149 2157 1302 2239; baseline 0 -21"><span class='ocrx_word' id='word_1_148' title='bbox 149 2157 185 2218; x_wconf 83' lang='lat' dir='ltr'>cs.</span> <span class='ocrx_word' id='word_1_149' title='bbox 214 2159 304 2217; x_wconf 87' lang='lat' dir='ltr'>uerba</span> <span class='ocrx_word' id='word_1_150' title='bbox 332 2157 407 2218; x_wconf 90' lang='lat' dir='ltr'>Gelli</span> <span class='ocrx_word' id='word_1_151' title='bbox 435 2164 519 2218; x_wconf 89' lang='lat' dir='ltr'>‘uno</span> <span class='ocrx_word' id='word_1_152' title='bbox 548 2162 673 2239; x_wconf 88' lang='lat' dir='ltr'>quippe</span> <span class='ocrx_word' id='word_1_153' title='bbox 701 2161 735 2218; x_wconf 90' lang='lat' dir='ltr'>in</span> <span class='ocrx_word' id='word_1_154' title='bbox 765 2159 844 2220; x_wconf 90' lang='lat' dir='ltr'>loco</span> <span class='ocrx_word' id='word_1_155' title='bbox 877 2159 965 2219; x_wconf 89' lang='lat' dir='ltr'>tales</span> <span class='ocrx_word' id='word_1_156' title='bbox 996 2168 1136 2234; x_wconf 89' lang='lat' dir='ltr'>tamque</span> <span class='ocrx_word' id='word_1_157' title='bbox 1171 2158 1302 2218; x_wconf 84' lang='lat' dir='ltr'>hiantes</span> 
     </span>
     <span class='ocr_line' id='line_1_18' title="bbox 148 2254 1300 2334; baseline -0.002 -17"><span class='ocrx_word' id='word_1_158' title='bbox 148 2259 304 2317; x_wconf 91' lang='lat' dir='ltr'>‘sonitus</span> <span class='ocrx_word' id='word_1_159' title='bbox 327 2258 361 2315; x_wconf 91' lang='lat' dir='ltr'>in</span> <span class='ocrx_word' id='word_1_160' title='bbox 383 2259 531 2318; x_wconf 84' lang='lat' dir='ltr'>assiduis</span> <span class='ocrx_word' id='word_1_161' title='bbox 552 2258 695 2319; x_wconf 90' lang='lat' dir='ltr'>uocibus</span> <span class='ocrx_word' id='word_1_162' title='bbox 723 2257 879 2334; x_wconf 90' lang='lat' dir='ltr'>pluribus</span> <span class='ocrx_word' id='word_1_163' title='bbox 906 2254 1005 2329; x_wconf 85' lang='lat' dir='ltr'>lacit‚&#39;</span> <span class='ocrx_word' id='word_1_164' title='bbox 1033 2256 1144 2332; x_wconf 88' lang='lat' dir='ltr'>quibus</span> <span class='ocrx_word' id='word_1_165' title='bbox 1172 2257 1300 2334; x_wconf 84' lang='lat' dir='ltr'>prolecto</span> 
     </span>
     <span class='ocr_line' id='line_1_19' title="bbox 148 2354 1301 2434; baseline 0 -20"><span class='ocrx_word' id='word_1_166' title='bbox 148 2374 208 2416; x_wconf 90' lang='lat' dir='ltr'>non</span> <span class='ocrx_word' id='word_1_167' title='bbox 224 2356 261 2414; x_wconf 87' lang='lat' dir='ltr'>ad</span> <span class='ocrx_word' id='word_1_168' title='bbox 275 2367 410 2434; x_wconf 88' lang='lat' dir='ltr'>quattuor</span> <span class='ocrx_word' id='word_1_169' title='bbox 430 2365 543 2415; x_wconf 90' lang='lat' dir='ltr'>tantum</span> <span class='ocrx_word' id='word_1_170' title='bbox 564 2356 708 2416; x_wconf 80' lang='lat' dir='ltr'>uocabula</span> <span class='ocrx_word' id='word_1_171' title='bbox 727 2355 852 2431; x_wconf 75' lang='lat' dir='ltr'>respicit,</span> <span class='ocrx_word' id='word_1_172' title='bbox 867 2355 920 2414; x_wconf 86' lang='lat' dir='ltr'>sed</span> <span class='ocrx_word' id='word_1_173' title='bbox 941 2354 979 2414; x_wconf 90' lang='lat' dir='ltr'>ad</span> <span class='ocrx_word' id='word_1_174' title='bbox 1000 2378 1023 2410; x_wconf 77' lang='lat' dir='ltr'>u</span> <span class='ocrx_word' id='word_1_175' title='bbox 1044 2355 1090 2414; x_wconf 88' lang='lat' dir='ltr'>bis</span> <span class='ocrx_word' id='word_1_176' title='bbox 1112 2380 1129 2425; x_wconf 74' lang='grc' dir='ltr'><strong><em>η</em></strong></span> <span class='ocrx_word' id='word_1_177' title='bbox 1150 2357 1248 2414; x_wconf 84' lang='lat' dir='ltr'>sexies</span> <span class='ocrx_word' id='word_1_178' title='bbox 1261 2374 1301 2414; x_wconf 92' lang='lat' dir='ltr'>re·</span> 
     </span>
     <span class='ocr_line' id='line_1_20' title="bbox 147 2449 1300 2532; baseline -0.002 -19"><span class='ocrx_word' id='word_1_179' title='bbox 147 2455 277 2532; x_wconf 85' lang='lat' dir='ltr'>petitum.</span> <span class='ocrx_word' id='word_1_180' title='bbox 320 2452 408 2514; x_wconf 89' lang='lat' dir='ltr'>Hanc</span> <span class='ocrx_word' id='word_1_181' title='bbox 433 2455 472 2512; x_wconf 95' lang='lat' dir='ltr'>ob</span> <span class='ocrx_word' id='word_1_182' title='bbox 501 2472 620 2512; x_wconf 88' lang='lat' dir='ltr'>causam</span> <span class='ocrx_word' id='word_1_183' title='bbox 646 2471 709 2512; x_wconf 91' lang='lat' dir='ltr'>non</span> <span class='ocrx_word' id='word_1_184' title='bbox 736 2452 883 2512; x_wconf 87' lang='lat' dir='ltr'>adsentior</span> <span class='ocrx_word' id='word_1_185' title='bbox 911 2449 1043 2528; x_wconf 86' lang='lat' dir='ltr'>Hauptio</span> <span class='ocrx_word' id='word_1_186' title='bbox 1066 2452 1179 2529; x_wconf 82' lang='lat' dir='ltr'>legenti</span> <span class='ocrx_word' id='word_1_187' title='bbox 1199 2453 1300 2513; x_wconf 87' lang='lat' dir='ltr'>Ebria</span> 
     </span>
     <span class='ocr_line' id='line_1_21' title="bbox 147 2548 1299 2629; baseline -0.001 -18"><span class='ocrx_word' id='word_1_188' title='bbox 147 2553 254 2612; x_wconf 81' lang='lat' dir='ltr'>acina</span> <span class='ocrx_word' id='word_1_189' title='bbox 302 2551 379 2612; x_wconf 90' lang='lat' dir='ltr'>Sane</span> <span class='ocrx_word' id='word_1_190' title='bbox 403 2553 443 2611; x_wconf 93' lang='lat' dir='ltr'>ita</span> <span class='ocrx_word' id='word_1_191' title='bbox 477 2551 582 2611; x_wconf 88' lang='lat' dir='ltr'>Catulli</span> <span class='ocrx_word' id='word_1_192' title='bbox 616 2567 718 2609; x_wconf 88' lang='lat' dir='ltr'>uersus</span> <span class='ocrx_word' id='word_1_193' title='bbox 746 2550 912 2610; x_wconf 88' lang='lat' dir='ltr'>Homericis</span> <span class='ocrx_word' id='word_1_194' title='bbox 939 2548 1176 2627; x_wconf 81' lang='lat' dir='ltr'>Vergilianisque</span> <span class='ocrx_word' id='word_1_195' title='bbox 1209 2554 1299 2629; x_wconf 85' lang='lat' dir='ltr'>magis</span> 
     </span>
     <span class='ocr_line' id='line_1_22' title="bbox 146 2645 1297 2726; baseline -0.003 -16"><span class='ocrx_word' id='word_1_196' title='bbox 146 2661 255 2710; x_wconf 86' lang='lat' dir='ltr'>starent</span> <span class='ocrx_word' id='word_1_197' title='bbox 279 2653 307 2706; x_wconf 76' lang='grc' dir='ltr'>ἐκ</span> <span class='ocrx_word' id='word_1_198' title='bbox 334 2647 623 2726; x_wconf 58' lang='lat' dir='ltr'>nomnium—(utor</span> <span class='ocrx_word' id='word_1_199' title='bbox 650 2647 745 2706; x_wconf 89' lang='lat' dir='ltr'>uerbis</span> <span class='ocrx_word' id='word_1_200' title='bbox 766 2645 874 2706; x_wconf 88' lang='lat' dir='ltr'>Eduini</span> <span class='ocrx_word' id='word_1_201' title='bbox 895 2646 1011 2706; x_wconf 87' lang='lat' dir='ltr'>Palmer</span> <span class='ocrx_word' id='word_1_202' title='bbox 1037 2647 1085 2706; x_wconf 89' lang='lat' dir='ltr'>cui</span> <span class='ocrx_word' id='word_1_203' title='bbox 1107 2666 1177 2707; x_wconf 91' lang='lat' dir='ltr'>cum</span> <span class='ocrx_word' id='word_1_204' title='bbox 1199 2649 1297 2708; x_wconf 73' lang='lat' dir='ltr'>eadem</span> 
     </span>
     <span class='ocr_line' id='line_1_23' title="bbox 146 2744 1297 2823; baseline -0.003 -15"><span class='ocrx_word' id='word_1_205' title='bbox 146 2750 290 2808; x_wconf 86' lang='lat' dir='ltr'>sententia</span> <span class='ocrx_word' id='word_1_206' title='bbox 303 2750 334 2806; x_wconf 93' lang='lat' dir='ltr'>in</span> <span class='ocrx_word' id='word_1_207' title='bbox 353 2758 482 2806; x_wconf 88' lang='lat' dir='ltr'>mentem</span> <span class='ocrx_word' id='word_1_208' title='bbox 501 2749 630 2806; x_wconf 88' lang='lat' dir='ltr'>uenisset</span> <span class='ocrx_word' id='word_1_209' title='bbox 648 2763 724 2822; x_wconf 93' lang='lat' dir='ltr'>quae</span> <span class='ocrx_word' id='word_1_210' title='bbox 745 2744 876 2821; x_wconf 89' lang='lat' dir='ltr'>Hauptio</span> <span class='ocrx_word' id='word_1_211' title='bbox 891 2762 957 2804; x_wconf 87' lang='lat' dir='ltr'>eam</span> <span class='ocrx_word' id='word_1_212' title='bbox 976 2747 1111 2822; x_wconf 86' lang='lat' dir='ltr'>praetulit</span> <span class='ocrx_word' id='word_1_213' title='bbox 1124 2765 1217 2823; x_wconf 83' lang='lat' dir='ltr'>quam</span> <span class='ocrx_word' id='word_1_214' title='bbox 1232 2764 1297 2805; x_wconf 86' lang='lat' dir='ltr'>mox</span> 
     </span>
     <span class='ocr_line' id='line_1_24' title="bbox 145 2843 1298 2922; baseline -0.004 -16"><span class='ocrx_word' id='word_1_215' title='bbox 145 2856 425 2906; x_wconf 88' lang='lat' dir='ltr'>commemoraturus</span> <span class='ocrx_word' id='word_1_216' title='bbox 453 2845 626 2922; x_wconf 71' lang='lat' dir='ltr'>suml-sed</span> <span class='ocrx_word' id='word_1_217' title='bbox 653 2862 691 2903; x_wconf 90' lang='lat' dir='ltr'>ne</span> <span class='ocrx_word' id='word_1_218' title='bbox 725 2843 767 2901; x_wconf 91' lang='lat' dir='ltr'>sic</span> <span class='ocrx_word' id='word_1_219' title='bbox 796 2843 915 2919; x_wconf 89' lang='lat' dir='ltr'>quidem</span> <span class='ocrx_word' id='word_1_220' title='bbox 947 2845 1071 2902; x_wconf 90' lang='lat' dir='ltr'>omnino</span> <span class='ocrx_word' id='word_1_221' title='bbox 1101 2845 1208 2902; x_wconf 89' lang='lat' dir='ltr'>similia</span> <span class='ocrx_word' id='word_1_222' title='bbox 1235 2855 1298 2904; x_wconf 88' lang='lat' dir='ltr'>sunt</span> 
     </span>
     <span class='ocr_line' id='line_1_25' title="bbox 145 2939 1297 3020; baseline -0.001 -19"><span class='ocrx_word' id='word_1_223' title='bbox 145 2948 230 3014; x_wconf 56' lang='grc' dir='ltr'>ᾶψέι,</span> <span class='ocrx_word' id='word_1_224' title='bbox 251 2954 280 3003; x_wconf 88' lang='lat' dir='ltr'>et</span> <span class='ocrx_word' id='word_1_225' title='bbox 304 2950 383 3009; x_wconf 79' lang='lat'>6†6</span> <span class='ocrx_word' id='word_1_226' title='bbox 411 2957 496 3010; x_wconf 63' lang='lat' dir='ltr'>‹el-n</span> <span class='ocrx_word' id='word_1_227' title='bbox 523 2953 604 3014; x_wconf 65' lang='lat' dir='ltr'>p4n,</span> <span class='ocrx_word' id='word_1_228' title='bbox 626 2959 721 3018; x_wconf 90' lang='lat' dir='ltr'>neque</span> <span class='ocrx_word' id='word_1_229' title='bbox 750 2941 841 2999; x_wconf 92' lang='lat' dir='ltr'>ullum</span> <span class='ocrx_word' id='word_1_230' title='bbox 868 2939 953 2999; x_wconf 89' lang='lat' dir='ltr'>huius</span> <span class='ocrx_word' id='word_1_231' title='bbox 981 2942 1116 3001; x_wconf 87' lang='lat' dir='ltr'>lectionis</span> <span class='ocrx_word' id='word_1_232' title='bbox 1146 2944 1297 3020; x_wconf 78' lang='lat' dir='ltr'>uestigium</span> 
     </span>
     <span class='ocr_line' id='line_1_26' title="bbox 143 3039 1297 3118; baseline 0 -20"><span class='ocrx_word' id='word_1_233' title='bbox 143 3042 285 3118; x_wconf 88' lang='lat' dir='ltr'>praebent</span> <span class='ocrx_word' id='word_1_234' title='bbox 312 3041 437 3100; x_wconf 87' lang='lat' dir='ltr'>codices.</span> <span class='ocrx_word' id='word_1_235' title='bbox 479 3042 581 3101; x_wconf 87' lang='lat' dir='ltr'>Restat</span> <span class='ocrx_word' id='word_1_236' title='bbox 605 3041 691 3115; x_wconf 86' lang='lat' dir='ltr'>igitur</span> <span class='ocrx_word' id='word_1_237' title='bbox 719 3039 872 3115; x_wconf 83' lang='lat' dir='ltr'>explicatio</span> <span class='ocrx_word' id='word_1_238' title='bbox 897 3039 955 3097; x_wconf 88' lang='lat' dir='ltr'>iam</span> <span class='ocrx_word' id='word_1_239' title='bbox 982 3041 1097 3116; x_wconf 90' lang='lat' dir='ltr'>pridem</span> <span class='ocrx_word' id='word_1_240' title='bbox 1121 3042 1250 3118; x_wconf 82' lang='lat' dir='ltr'>uulgata,</span> <span class='ocrx_word' id='word_1_241' title='bbox 1271 3052 1297 3099; x_wconf 89' lang='lat' dir='ltr'>et</span> 
     </span>
     <span class='ocr_line' id='line_1_27' title="bbox 146 3132 1242 3216; baseline 0.003 -24"><span class='ocrx_word' id='word_1_242' title='bbox 146 3153 220 3210; x_wconf 91' lang='lat' dir='ltr'>quae</span> <span class='ocrx_word' id='word_1_243' title='bbox 241 3134 397 3216; x_wconf 65' lang='lat' dir='ltr'>Parthenio</span> <span class='ocrx_word' id='word_1_244' title='bbox 419 3135 566 3211; x_wconf 82' lang='lat' dir='ltr'>Scaligero</span> <span class='ocrx_word' id='word_1_245' title='bbox 588 3134 742 3194; x_wconf 92' lang='lat' dir='ltr'>Gronouio</span> <span class='ocrx_word' id='word_1_246' title='bbox 764 3132 956 3193; x_wconf 84' lang='lat' dir='ltr'>Lachmanno</span> <span class='ocrx_word' id='word_1_247' title='bbox 979 3134 1103 3193; x_wconf 86' lang='lat' dir='ltr'>Hertzio</span> <span class='ocrx_word' id='word_1_248' title='bbox 1125 3137 1242 3212; x_wconf 88' lang='lat' dir='ltr'>placuit.</span> 
     </span>
     <span class='ocr_line' id='line_1_28' title="bbox 187 3233 604 3292; baseline 0 -1"><span class='ocrx_word' id='word_1_249' title='bbox 187 3233 228 3291; x_wconf 89' lang='lat' dir='ltr'>Hi</span> <span class='ocrx_word' id='word_1_250' title='bbox 250 3233 330 3291; x_wconf 90' lang='lat' dir='ltr'>enim</span> <span class='ocrx_word' id='word_1_251' title='bbox 351 3250 454 3291; x_wconf 89' lang='lat' dir='ltr'>omnes</span> <span class='ocrx_word' id='word_1_252' title='bbox 475 3234 604 3292; x_wconf 88' lang='lat' dir='ltr'>scribunt</span> 
     </span>
    </p>
   </div>
   <div class='ocr_carea' id='block_1_5' title="bbox 476 3415 961 3477">
    <p class='ocr_par' dir='ltr' id='par_1_6' title="bbox 476 3415 961 3477">
     <span class='ocr_line' id='line_1_29' title="bbox 476 3415 961 3477; baseline 0.004 -5"><span class='ocrx_word' id='word_1_253' title='bbox 476 3415 621 3473; x_wconf 87' lang='lat' dir='ltr'>Ebriosa</span> <span class='ocrx_word' id='word_1_254' title='bbox 642 3420 741 3477; x_wconf 85' lang='lat' dir='ltr'>acina</span> <span class='ocrx_word' id='word_1_255' title='bbox 762 3418 961 3477; x_wconf 90' lang='lat' dir='ltr'>ebriosioris</span> 
     </span>
    </p>
   </div>
   <div class='ocr_carea' id='block_1_6' title="bbox 137 3599 1296 4559">
    <p class='ocr_par' dir='ltr' id='par_1_7' title="bbox 137 3599 1296 4559">
     <span class='ocr_line' id='line_1_30' title="bbox 146 3599 1296 3679; baseline 0.001 -22"><span class='ocrx_word' id='word_1_256' title='bbox 146 3609 177 3657; x_wconf 91' lang='lat' dir='ltr'>ut</span> <span class='ocrx_word' id='word_1_257' title='bbox 199 3600 405 3659; x_wconf 89' lang='lat' dir='ltr'>ebriosioris</span> <span class='ocrx_word' id='word_1_258' title='bbox 427 3599 580 3676; x_wconf 87' lang='lat' dir='ltr'>genetiuus</span> <span class='ocrx_word' id='word_1_259' title='bbox 601 3610 678 3658; x_wconf 89' lang='lat' dir='ltr'>esset</span> <span class='ocrx_word' id='word_1_260' title='bbox 700 3620 736 3659; x_wconf 86' lang='lat' dir='ltr'>ex</span> <span class='ocrx_word' id='word_1_261' title='bbox 758 3619 818 3679; x_wconf 91' lang='lat' dir='ltr'>quo</span> <span class='ocrx_word' id='word_1_262' title='bbox 839 3602 939 3661; x_wconf 84' lang='lat' dir='ltr'>acina</span> <span class='ocrx_word' id='word_1_263' title='bbox 959 3599 1109 3677; x_wconf 88' lang='lat' dir='ltr'>penderet.</span> <span class='ocrx_word' id='word_1_264' title='bbox 1154 3601 1201 3660; x_wconf 89' lang='lat' dir='ltr'>Ita</span> <span class='ocrx_word' id='word_1_265' title='bbox 1222 3602 1296 3660; x_wconf 89' lang='lat' dir='ltr'>enim</span> 
     </span>
     <span class='ocr_line' id='line_1_31' title="bbox 144 3696 1296 3776; baseline 0.001 -22"><span class='ocrx_word' id='word_1_266' title='bbox 144 3709 173 3755; x_wconf 90' lang='lat' dir='ltr'>et</span> <span class='ocrx_word' id='word_1_267' title='bbox 194 3699 263 3756; x_wconf 89' lang='lat' dir='ltr'>satis</span> <span class='ocrx_word' id='word_1_268' title='bbox 288 3699 443 3774; x_wconf 86' lang='lat' dir='ltr'>respondet</span> <span class='ocrx_word' id='word_1_269' title='bbox 468 3698 610 3773; x_wconf 91' lang='lat' dir='ltr'>prioribus</span> <span class='ocrx_word' id='word_1_270' title='bbox 636 3698 688 3755; x_wconf 92' lang='lat' dir='ltr'>illis</span> <span class='ocrx_word' id='word_1_271' title='bbox 716 3700 858 3776; x_wconf 89' lang='lat' dir='ltr'>exemplis</span> <span class='ocrx_word' id='word_1_272' title='bbox 886 3715 987 3757; x_wconf 90' lang='lat' dir='ltr'>uersus</span> <span class='ocrx_word' id='word_1_273' title='bbox 1014 3696 1120 3755; x_wconf 90' lang='lat' dir='ltr'>Catulli</span> <span class='ocrx_word' id='word_1_274' title='bbox 1146 3709 1176 3755; x_wconf 90' lang='lat' dir='ltr'>et</span> <span class='ocrx_word' id='word_1_275' title='bbox 1202 3699 1296 3755; x_wconf 93' lang='lat' dir='ltr'>minus</span> 
     </span>
     <span class='ocr_line' id='line_1_32' title="bbox 144 3795 1295 3872; baseline -0.003 -18"><span class='ocrx_word' id='word_1_276' title='bbox 144 3797 261 3854; x_wconf 83' lang='lat' dir='ltr'>obstant</span> <span class='ocrx_word' id='word_1_277' title='bbox 287 3796 411 3855; x_wconf 89' lang='lat' dir='ltr'>Gelliani</span> <span class='ocrx_word' id='word_1_278' title='bbox 435 3796 560 3854; x_wconf 87' lang='lat' dir='ltr'>codices.</span> <span class='ocrx_word' id='word_1_279' title='bbox 604 3795 707 3872; x_wconf 87' lang='lat' dir='ltr'>Itaque</span> <span class='ocrx_word' id='word_1_280' title='bbox 735 3798 824 3856; x_wconf 93' lang='lat' dir='ltr'>tribus</span> <span class='ocrx_word' id='word_1_281' title='bbox 852 3798 948 3855; x_wconf 90' lang='lat' dir='ltr'>modis</span> <span class='ocrx_word' id='word_1_282' title='bbox 976 3796 1127 3872; x_wconf 84' lang='lat' dir='ltr'>legebatur</span> <span class='ocrx_word' id='word_1_283' title='bbox 1156 3798 1193 3854; x_wconf 84' lang='lat' dir='ltr'>A.</span> <span class='ocrx_word' id='word_1_284' title='bbox 1225 3796 1295 3855; x_wconf 90' lang='lat' dir='ltr'>Gelli</span> 
     </span>
     <span class='ocr_line' id='line_1_33' title="bbox 143 3891 1296 3971; baseline -0.001 -20"><span class='ocrx_word' id='word_1_285' title='bbox 143 3904 275 3971; x_wconf 86' lang='lat' dir='ltr'>tempore</span> <span class='ocrx_word' id='word_1_286' title='bbox 303 3894 350 3953; x_wconf 91' lang='lat' dir='ltr'>hic</span> <span class='ocrx_word' id='word_1_287' title='bbox 378 3912 480 3952; x_wconf 87' lang='lat' dir='ltr'>uersus</span> <span class='ocrx_word' id='word_1_288' title='bbox 509 3893 553 3970; x_wconf 89' lang='lat' dir='ltr'>(r)</span> <span class='ocrx_word' id='word_1_289' title='bbox 582 3893 725 3953; x_wconf 88' lang='lat' dir='ltr'>Ebriosa</span> <span class='ocrx_word' id='word_1_290' title='bbox 750 3897 854 3954; x_wconf 84' lang='lat' dir='ltr'>acina</span> <span class='ocrx_word' id='word_1_291' title='bbox 876 3893 1085 3954; x_wconf 90' lang='lat' dir='ltr'>ebriosioris</span> <span class='ocrx_word' id='word_1_292' title='bbox 1111 3891 1158 3971; x_wconf 84' lang='lat' dir='ltr'>(a)</span> <span class='ocrx_word' id='word_1_293' title='bbox 1184 3895 1296 3952; x_wconf 91' lang='lat' dir='ltr'>ebrios</span> 
     </span>
     <span class='ocr_line' id='line_1_34' title="bbox 143 3987 1295 4069; baseline -0.001 -20"><span class='ocrx_word' id='word_1_294' title='bbox 143 3993 243 4050; x_wconf 87' lang='lat' dir='ltr'>acina</span> <span class='ocrx_word' id='word_1_295' title='bbox 257 3987 522 4069; x_wconf 82' lang='lat' dir='ltr'>ebriosioris(3)</span> <span class='ocrx_word' id='word_1_296' title='bbox 537 3990 708 4051; x_wconf 90' lang='lat' dir='ltr'>Ebriosos</span> <span class='ocrx_word' id='word_1_297' title='bbox 723 3994 824 4051; x_wconf 85' lang='lat' dir='ltr'>acina</span> <span class='ocrx_word' id='word_1_298' title='bbox 838 3992 1053 4052; x_wconf 91' lang='lat' dir='ltr'>ebriosioris</span> <span class='ocrx_word' id='word_1_299' title='bbox 1067 4001 1097 4049; x_wconf 88' lang='lat' dir='ltr'>et</span> <span class='ocrx_word' id='word_1_300' title='bbox 1108 3990 1168 4050; x_wconf 90' lang='lat' dir='ltr'>hoc</span> <span class='ocrx_word' id='word_1_301' title='bbox 1179 3993 1295 4068; x_wconf 88' lang='lat' dir='ltr'>quidem</span> 
     </span>
     <span class='ocr_line' id='line_1_35' title="bbox 142 4083 1294 4167; baseline -0.001 -20"><span class='ocrx_word' id='word_1_302' title='bbox 142 4083 202 4147; x_wconf 84' lang='lat' dir='ltr'>tam</span> <span class='ocrx_word' id='word_1_303' title='bbox 218 4102 325 4148; x_wconf 89' lang='lat' dir='ltr'>temere</span> <span class='ocrx_word' id='word_1_304' title='bbox 340 4091 478 4165; x_wconf 84' lang='lat' dir='ltr'>scriptum</span> <span class='ocrx_word' id='word_1_305' title='bbox 493 4100 524 4148; x_wconf 90' lang='lat' dir='ltr'>ut</span> <span class='ocrx_word' id='word_1_306' title='bbox 539 4091 667 4149; x_wconf 89' lang='lat' dir='ltr'>numeris</span> <span class='ocrx_word' id='word_1_307' title='bbox 682 4108 801 4167; x_wconf 92' lang='lat' dir='ltr'>prorsus</span> <span class='ocrx_word' id='word_1_308' title='bbox 820 4100 939 4150; x_wconf 88' lang='lat' dir='ltr'>careret.</span> <span class='ocrx_word' id='word_1_309' title='bbox 982 4089 1126 4161; x_wconf 88' lang='lat' dir='ltr'>Quartam</span> <span class='ocrx_word' id='word_1_310' title='bbox 1141 4089 1294 4148; x_wconf 86' lang='lat' dir='ltr'>lectionem</span> 
     </span>
     <span class='ocr_line' id='line_1_36' title="bbox 141 4186 1294 4265; baseline 0 -20"><span class='ocrx_word' id='word_1_311' title='bbox 141 4187 186 4247; x_wconf 93' lang='lat' dir='ltr'>his</span> <span class='ocrx_word' id='word_1_312' title='bbox 201 4188 345 4248; x_wconf 89' lang='lat' dir='ltr'>diuersam</span> <span class='ocrx_word' id='word_1_313' title='bbox 364 4186 462 4245; x_wconf 89' lang='lat' dir='ltr'>habuit</span> <span class='ocrx_word' id='word_1_314' title='bbox 477 4186 582 4247; x_wconf 89' lang='lat' dir='ltr'>Catulli</span> <span class='ocrx_word' id='word_1_315' title='bbox 603 4188 697 4247; x_wconf 84' lang='lat' dir='ltr'>codex</span> <span class='ocrx_word' id='word_1_316' title='bbox 717 4189 796 4247; x_wconf 90' lang='lat' dir='ltr'>unde</span> <span class='ocrx_word' id='word_1_317' title='bbox 816 4190 907 4248; x_wconf 90' lang='lat' dir='ltr'>nostri</span> <span class='ocrx_word' id='word_1_318' title='bbox 922 4187 1132 4265; x_wconf 83' lang='lat' dir='ltr'>profluxerunt,</span> <span class='ocrx_word' id='word_1_319' title='bbox 1147 4187 1294 4246; x_wconf 87' lang='lat' dir='ltr'>Ebriose</span> 
     </span>
     <span class='ocr_line' id='line_1_37' title="bbox 140 4285 1294 4362; baseline -0.001 -19"><span class='ocrx_word' id='word_1_320' title='bbox 140 4286 242 4344; x_wconf 91' lang='lat' dir='ltr'>acino</span> <span class='ocrx_word' id='word_1_321' title='bbox 264 4285 467 4345; x_wconf 88' lang='lat' dir='ltr'>ebriosioris</span> <span class='ocrx_word' id='word_1_322' title='bbox 489 4287 549 4345; x_wconf 92' lang='lat' dir='ltr'>siue</span> <span class='ocrx_word' id='word_1_323' title='bbox 571 4287 735 4347; x_wconf 90' lang='lat' dir='ltr'>ebriosae</span> <span class='ocrx_word' id='word_1_324' title='bbox 757 4305 858 4346; x_wconf 89' lang='lat' dir='ltr'>uerum</span> <span class='ocrx_word' id='word_1_325' title='bbox 880 4295 924 4346; x_wconf 90' lang='lat' dir='ltr'>est</span> <span class='ocrx_word' id='word_1_326' title='bbox 945 4288 1007 4345; x_wconf 91' lang='lat' dir='ltr'>siue</span> <span class='ocrx_word' id='word_1_327' title='bbox 1028 4295 1060 4344; x_wconf 91' lang='lat' dir='ltr'>ut</span> <span class='ocrx_word' id='word_1_328' title='bbox 1078 4287 1180 4362; x_wconf 87' lang='lat' dir='ltr'>potius</span> <span class='ocrx_word' id='word_1_329' title='bbox 1202 4285 1294 4344; x_wconf 90' lang='lat' dir='ltr'>iudico</span> 
     </span>
     <span class='ocr_line' id='line_1_38' title="bbox 139 4383 1293 4461; baseline -0.002 -21"><span class='ocrx_word' id='word_1_330' title='bbox 139 4400 175 4440; x_wconf 86' lang='lat' dir='ltr'>ex</span> <span class='ocrx_word' id='word_1_331' title='bbox 204 4383 344 4441; x_wconf 91' lang='lat' dir='ltr'>ebrioso</span> <span class='ocrx_word' id='word_1_332' title='bbox 373 4395 550 4461; x_wconf 90' lang='lat' dir='ltr'>corruptum.</span> <span class='ocrx_word' id='word_1_333' title='bbox 599 4384 670 4443; x_wconf 88' lang='lat' dir='ltr'>Non</span> <span class='ocrx_word' id='word_1_334' title='bbox 698 4385 776 4443; x_wconf 91' lang='lat' dir='ltr'>enim</span> <span class='ocrx_word' id='word_1_335' title='bbox 806 4384 835 4442; x_wconf 92' lang='lat' dir='ltr'>id</span> <span class='ocrx_word' id='word_1_336' title='bbox 863 4402 899 4444; x_wconf 84' lang='lat' dir='ltr'>ex</span> <span class='ocrx_word' id='word_1_337' title='bbox 928 4384 1069 4443; x_wconf 88' lang='lat' dir='ltr'>ebriosa</span> <span class='ocrx_word' id='word_1_338' title='bbox 1097 4383 1203 4442; x_wconf 90' lang='lat' dir='ltr'>acino</span> <span class='ocrx_word' id='word_1_339' title='bbox 1233 4399 1293 4440; x_wconf 91' lang='lat' dir='ltr'>cor·</span> 
     </span>
     <span class='ocr_line' id='line_1_39' title="bbox 137 4479 1291 4559; baseline -0.001 -23"><span class='ocrx_word' id='word_1_340' title='bbox 137 4491 253 4555; x_wconf 91' lang='lat' dir='ltr'>ruptum</span> <span class='ocrx_word' id='word_1_341' title='bbox 278 4479 382 4552; x_wconf 88' lang='lat' dir='ltr'>habeo,</span> <span class='ocrx_word' id='word_1_342' title='bbox 404 4498 572 4559; x_wconf 90' lang='lat' dir='ltr'>quanquam</span> <span class='ocrx_word' id='word_1_343' title='bbox 600 4483 658 4542; x_wconf 91' lang='lat' dir='ltr'>hoc</span> <span class='ocrx_word' id='word_1_344' title='bbox 688 4482 796 4542; x_wconf 87' lang='lat' dir='ltr'>Statius</span> <span class='ocrx_word' id='word_1_345' title='bbox 824 4494 852 4542; x_wconf 88' lang='lat' dir='ltr'>et</span> <span class='ocrx_word' id='word_1_346' title='bbox 878 4481 992 4542; x_wconf 89' lang='lat' dir='ltr'>Catullo</span> <span class='ocrx_word' id='word_1_347' title='bbox 1018 4481 1117 4541; x_wconf 88' lang='lat' dir='ltr'>tribuit</span> <span class='ocrx_word' id='word_1_348' title='bbox 1139 4492 1168 4539; x_wconf 90' lang='lat' dir='ltr'>et</span> <span class='ocrx_word' id='word_1_349' title='bbox 1191 4479 1291 4539; x_wconf 87' lang='lat' dir='ltr'>Gellio.</span> 
     </span>
    </p>
   </div>
   <div class='ocr_carea' id='block_1_7' title="bbox 0 0 1440 5002">
    <p class='ocr_par' dir='ltr' id='par_1_8' title="bbox 0 0 1440 5002">
     <span class='ocr_line' id='line_1_40' title="bbox 0 0 1440 5002; baseline 0 5"><span class='ocrx_word' id='word_1_350' title='bbox 0 0 1440 5002; x_wconf 95' lang='lat' dir='ltr'> </span> 
     </span>
    </p>
   </div>
  </div>
 </body>
</html>
