2872 5002
514 337 571 396 nn
599 338 694 398 xxu
718 353 744 413 5.

414 594 630 657 axcvnsvs
651 597 688 656 ad
709 597 804 657 xxv.
827 613 853 671 5.

102 763 161 824 Hic
175 785 277 826 uersus
291 769 332 826 sic
346 768 450 844 legitur
464 771 493 827 in
509 771 538 830 G

502 920 532 966 al.
543 935 595 966 aues
607 921 643 967 uel
654 920 712 967 aries
855 931 862 976 i

184 980 268 1039 Cum
289 983 368 1041 diua
388 985 507 1043 mulier
568 987 654 1045 alios
719 986 881 1045 ostendet
898 986 1087 1045 oscitantes

61 1149 143 1189 aues
165 1132 314 1189 ostendit
334 1132 442 1190 habent
463 1134 550 1191 ceteri
571 1121 701 1210 plerique
723 1135 856 1207 codices;
879 1136 967 1193 aries
991 1133 1017 1191 0
1044 1134 1098 1192 Ven
1119 1134 1209 1191 arios

60 1246 153 1303 marg.
173 1227 202 1284 L
222 1230 308 1288 alios
329 1229 389 1287 Μ
415 1229 658 1306 VPht'tlippensti
674 1250 777 1308 margo
794 1233 830 1305 ᾗς
852 1232 1010 1291 ostendet
1028 1230 1116 1288 Dot.
1160 1231 1209 1288 In·

62 1327 281 1400 terpretationes
302 1328 359 1385 loci
380 1329 527 1402 congessit
548 1329 667 1387 Pohlius
687 1331 718 1387 in
740 1329 906 1406 specimine
928 1328 1101 1387 Lectionum
1116 1346 1143 1403 p.
1162 1341 1208 1403 35.

64 1420 131 1479 Hae
147 1422 276 1498 duplices
290 1434 364 1494 sont,
380 1435 430 1482 aut
444 1426 522 1482 enim
537 1426 574 1483 ad
590 1427 746 1502 procellam
765 1427 933 1495 reseruntur,
949 1444 1025 1501 quae
1042 1425 1143 1500 opinio
1159 1424 1211 1482 fuit

63 1519 206 1577 editorum
221 1531 286 1578 ante
303 1520 523 1580 Lachmannum
534 1541 629 1599 paene
643 1525 782 1594 omnium,
794 1523 892 1582 autad
904 1522 999 1581 Thalli
1014 1523 1210 1599 rapacitatem.

64 1616 123 1687 Qui
149 1619 274 1694 priorem
299 1620 377 1676 uiam
403 1622 523 1695 ingressi
552 1632 627 1693 sunt,
649 1621 720 1679 dum
741 1620 797 1680 hoc
819 1638 905 1678 uersu
926 1621 1105 1696 tempestatis
1126 1620 1212 1696 signa

64 1715 185 1773 credunt
205 1716 327 1774 describi
347 1727 397 1775 aut
417 1719 573 1777 oscitantes
588 1737 658 1776 aues
673 1714 780 1796 (alites)
795 1719 1016 1792 interpretantur
1031 1717 1211 1776 clamitantes

65 1809 118 1887 (sic
145 1813 272 1889 Scaliger
295 1812 420 1889 Vulpius
445 1813 532 1872 Conr.
556 1814 592 1874 de
614 1816 690 1873 Allio
713 1812 895 1891 Huschkius)
917 1823 966 1870 aut
987 1813 1064 1872 aliud
1089 1816 1212 1873 uerbum

65 1927 119 1984 pro
135 1929 171 1968 eo
186 1913 320 1980 scribunt,
339 1912 537 1970 oscinentes
559 1911 688 1970 Faernus
709 1923 737 1971 et
759 1911 874 1981 Statius,
890 1911 1090 1969 occinentes
1111 1913 1212 1971 Auan-

65 2007 127 2064 cius
155 2008 219 2066 Ald.
249 2009 263 2066 1
292 2008 433 2080 Muretus,
462 2010 653 2068 ominantes
681 2008 864 2085 Doeringius.
920 2007 978 2066 Sed
1006 2009 1129 2067 oscitare
1157 2028 1212 2085 pro

65 2103 211 2163 clamitare
239 2106 288 2164 uix
316 2106 418 2165 Latine
447 2107 504 2166 dici
529 2108 650 2165 uidetur.
692 2105 871 2182 Quanquam
893 2105 972 2162 enim
992 2107 1131 2164 oscitatus
1152 2117 1213 2165 tam

65 2196 188 2255 terarum
214 2216 301 2274 quam
323 2199 475 2258 hominum
497 2212 541 2260 est
562 2200 673 2279 (Closs.
695 2199 766 2257 Ball.
787 2218 807 2257 s.
824 2217 852 2256 u.
872 2197 974 2256 Rictus
983 2197 1014 2277 ¹),
1037 2217 1092 2258 nec
1113 2199 1213 2258 locum

65 2297 137 2354 noui
159 2297 208 2354 ubi
233 2315 302 2354 aues
327 2297 384 2355 hoc
407 2317 494 2357 sensu
524 2300 647 2357 oscitare
669 2298 803 2356 dicuntur
823 2306 851 2354 et
873 2296 962 2371 ipsius
985 2297 1120 2354 uocabuli
1142 2314 1214 2354 usus

67 2394 139 2452 alius
154 2405 204 2452 est.
247 2394 378 2454 Oscitare
400 2396 478 2453 enim
492 2395 519 2452 h.
532 2415 557 2454 e.
573 2414 607 2454 os
627 2397 738 2472 aperire
759 2393 839 2470 quod
859 2394 877 2450 ii
897 2393 1006 2451 iaciunt
1020 2393 1070 2468 qui
1091 2394 1213 2468 segnitie

65 2492 113 2550 uel
135 2493 230 2550 taedio
250 2493 297 2551 uel
318 2511 423 2551 somno
446 2495 600 2552 uincuntur
622 2493 673 2572 (de
695 2511 745 2550 ore
768 2490 867 2568 patulo
892 2491 994 2567 capitis
1014 2491 1119 2549 abscisi
1142 2489 1215 2548 dixit

66 2588 181 2647 Ennius
195 2591 273 2647 Ann.
289 2588 361 2665 462)
377 2591 414 2648 ad
429 2609 481 2650 eos
495 2590 661 2649 transfertur
675 2589 725 2665 qui
743 2587 852 2665 aliquid
873 2598 964 2663 agunt
984 2587 1171 2663 neglegenter
1185 2598 1215 2645 et

66 2688 150 2761 quasi
178 2690 351 2758 χασμώμενοι.
407 2686 504 2745 Priore
540 2705 629 2746 sensu
663 2685 808 2742 inuenitur
836 2683 914 2760 apud
949 2683 1095 2755 Comicos,
1124 2683 1214 2743 ueluti
1263 2671 1269 2679 ’

67 2783 228 2843 Caecilium
256 2803 311 2858 27²
345 2783 462 2862 (Ribb).
496 2783 632 2842 Oscitans
660 2782 833 2856 Hietansque
865 2788 953 2838 restas
981 2781 1146 2857 Turpilium
1177 2795 1213 2854 15

68 2881 184 2960 (Ribb).
211 2881 318 2938 Timere
334 2884 407 2956 coepi
424 2889 450 2939 et
468 2882 604 2939 interdum
626 2881 779 2949 oscitarier,
794 2878 909 2956 Ineptus
922 2879 994 2954 quid
1010 2881 1053 2937 mi
1069 2880 1162 2937 uellem
1176 2898 1215 2938 ex

67 2982 211 3037 insolentia
232 2978 389 3049 Nescibom,
412 2985 459 3037 ‘to
480 2997 564 3055 yawn
584 2978 642 3037 like
663 2997 681 3036 a
702 2977 779 3046 sool,'
802 2978 838 3035 ib.
866 2991 931 3051 153.
959 2975 1024 3053 Ego
1045 2976 1216 3053 praestolato

66 3079 116 3135 itti
126 3078 253 3136 oscitans
266 3083 328 3133 ante
342 3078 438 3133 ostiam
453 3075 537 3132 ‘with
551 3092 600 3151 my
615 3072 717 3132 mouth
731 3073 846 3149 agape!
880 3073 916 3131 In
931 3072 976 3131 his
991 3073 1064 3132 locis
1078 3074 1214 3132 omnibus

67 3176 167 3233 subest
182 3173 263 3231 notio
278 3173 422 3248 quaedam
436 3172 578 3230 stultitiae.
615 3171 705 3229 Plaut.
722 3169 876 3229 Menaech.
892 3169 929 3229 V.
947 3190 971 3228 a.
990 3184 1036 3244 77.

110 3322 189 3381 Men.
212 3321 274 3380 Hei
283 3324 357 3381 nuti
368 3324 492 3380 intanti-e
505 3341 545 3380 me
559 3325 647 3392 aium,
662 3323 736 3379 ultro
749 3340 827 3396 quom
841 3322 898 3396 ipsi
908 3322 1060 3379 annuntient.

110 3420 183 3479 Mat.
223 3420 259 3477 Vt
263 3420 451 3495 pandiculans
466 3423 610 3479 oscitatur.
657 3418 735 3489 Quid
745 3439 819 3477 nunc
819 3419 937 3496 sactum
952 3421 1104 3493 mz'poter?

68 3572 129 3630 Cic.
146 3588 200 3646 pro
215 3568 277 3626 Mil.
292 3568 306 3644 ξ
321 3570 359 3642 56
376 3567 455 3624 Adde
469 3568 607 3624 inscitiam
622 3567 728 3642 pransi
740 3567 805 3641 poti
821 3567 970 3625 oscitantis
991 3566 1090 3622 duct's:
1111 3564 1214 3640 fragm.

68 3678 140 3728 orat.
156 3686 209 3744 pro
225 3666 262 3738 Q.
278 3665 374 3724 Gallio
388 3664 529 3722 It’esterna
545 3667 681 3739 potatione
699 3665 863 3735 oscitantes,
878 3663 915 3722 ad
934 3663 1063 3721 Herenn.
1079 3661 1131 3720 IV.
1146 3662 1161 3736 ξ
1177 3665 1215 3733 48

71 3767 144 3825 Cum
157 3768 237 3822 etrum
252 3766 368 3822 maiores
379 3760 570 3841 (calamitates)
582 3763 733 3836 impendere
746 3762 900 3832 uz'deantur,
909 3761 1003 3818 sedetis
1011 3767 1037 3817 et
1044 3760 1215 3819 oscitamini.

68 3865 184 3923 Lucret.
207 3861 261 3920 111.
289 3864 365 3935 1065
389 3860 500 3919 Oscitat
521 3860 654 3933 extemplo
673 3861 764 3935 tetigit
783 3878 844 3916 cum
866 3858 966 3916 litmna
991 3859 1085 3914 uz'llae.
1128 3855 1214 3912 Mart.

67 3963 107 4020 11.
126 3964 152 4017 6.
170 3980 196 4034 3,
213 3979 229 4030 4
246 3958 357 4034 Spectas
370 3958 581 4027 eschotocollzon,
596 3954 703 4027 Seuere,
725 3955 769 4014 Et
786 3956 884 4032 longas
905 3956 997 4012 tratri
1017 3954 1214 4024 oscitationes,

68 4058 123 4117 VI.
138 4060 186 4116 61.
204 4077 220 4131 3
236 4057 308 4115 Ecce
321 4057 400 4115 rubet
417 4057 529 4131 quidum
545 4056 634 4129 pallet
644 4059 732 4130 stupet
743 4054 846 4112 oscitat
859 4055 922 4122 odr't,
938 4051 991 4109 XI.
1007 4055 1055 4126 98.
1073 4069 1106 4107 21
1125 4049 1220 4108 Dabit

66 4156 202 4215 oscitanti
216 4155 321 4213 basium
342 4155 502 4228 nutantique
523 4153 615 4211 Dabit
628 4152 779 4209 etcacantt.
823 4150 858 4207 A.
875 4148 985 4208 Gellius
1001 4148 1038 4205 N.
1055 4149 1091 4207 A.
1107 4146 1159 4206 IV.
1178 4165 1216 4205 20

100 4321 109 4350 ¹
127 4322 223 4367 ‘Rictus
239 4329 335 4368 uocatur
351 4321 426 4367 omnis
443 4319 488 4365 oris
504 4319 600 4380 apertio.
620 4319 657 4365 uel
674 4317 808 4378 patefactio.
826 4315 935 4364 oscitatus
952 4320 1032 4364 autem
1049 4323 1099 4362 tam
1116 4316 1217 4362 terarum

67 4418 139 4467 quam
155 4402 285 4452 homiuum.
305 4410 330 4449 et
342 4402 410 4450 rictus
426 4402 471 4448 oris
487 4397 634 4461 simpliciter!
