2872 5002
137 307 185 365 viii
533 304 898 369 PROLEGOMENA.

139 488 243 547 mtium
263 487 465 563 episcopatum
486 486 618 563 adeptus.
670 486 821 564 Perpauce
844 496 945 546 minen
964 487 996 545 in
1015 485 1148 548 Ratherii
1176 485 1253 564 scrip

139 585 237 644 inueni
249 603 324 661 quae
336 583 441 643 Catulli
452 585 582 644 carmina
591 601 658 644 eum
672 585 779 661 legisse
789 593 937 644 testentur.
967 583 1074 661 Neque
1087 585 1160 644 illud
1174 586 1256 644 mirm

139 701 233 758 pauca
247 683 323 741 enim
339 691 439 741 extant
452 701 526 759 quae
547 690 616 758 post
636 693 753 758 tempus
770 683 877 758 scripta
896 681 1051 741 credantur
1068 701 1130 760 quo
1143 681 1259 743 Catulle

140 798 171 838 se
188 781 283 854 legere
300 780 377 839 dicit.
418 778 552 838 Plautum
567 780 686 856 quidem
700 798 762 839 non
775 797 841 837 raro
856 779 939 838 affert
952 797 987 839 ac
1002 780 1186 850 Terentiam,
1200 780 1261 839 rasit

139 876 312 947 Phaedrum,
327 875 443 953 saepius
458 877 614 936 Horatium
628 877 797 938 quenalem
808 876 950 948 Persium,
964 877 1110 938 interdum
1124 878 1214 937 etiam
1228 894 1264 937 no

139 975 328 1033 nominatos¹.

179 1071 228 1130 Ad
242 1070 390 1131 Catullum
409 1073 532 1132 fortasse
550 1073 696 1149 pertinent
713 1071 785 1131 haec
800 1070 892 1129 Serm.
904 1070 989 1131 VIII.
1003 1090 1031 1149 p.
1046 1074 1106 1145 624
1121 1071 1148 1130 Β
1161 1071 1208 1131 ed
1222 1071 1269 1131 Bel

139 1168 229 1241 lerini,
240 1168 309 1229 Non
322 1171 445 1246 angelico
459 1177 492 1228 ut
503 1169 589 1228 Els'as
601 1170 739 1244 quondam
751 1169 894 1227 subuectus
906 1188 961 1227 non
967 1171 1117 1246 margero
1129 1171 1271 1245 utpoetin

139 1266 185 1322 ille
205 1267 322 1325 uolatm
344 1266 379 1326 cf.
399 1265 502 1326 Catull.
518 1265 581 1324 LV.
600 1268 645 1338 16,
664 1278 699 1339 27
720 1263 788 1324 Non
808 1266 839 1324 si
856 1265 979 1341 Pegaseo
987 1267 1082 1344 ferar
1101 1266 1208 1335 uolatm
1221 1263 1274 1322 Ne

138 1362 238 1422 Ladas
250 1383 297 1439 ego
304 1367 466 1440 pinm'pesue
479 1363 599 1422 Perseus
606 1386 621 1432 ,·
645 1363 736 1422 Serm.
751 1361 790 1421 11.
805 1381 832 1438 p.
847 1378 905 1439 595
920 1363 946 1424 C
964 1362 1049 1435 Quem
1059 1364 1154 1440 fim’re
1168 1365 1276 1420 omniun

137 1463 191 1537 qui
196 1461 325 1536 suerunt
343 1468 410 1520 sunt
424 1468 476 1519 aut
491 1468 575 1519 erunt
590 1481 644 1519 non
661 1462 813 1519 uoluerunt
827 1462 923 1519 ualent
938 1462 1070 1520 uolebant
1083 1462 1216 1537 loquendo
1233 1479 1279 1519 ser-

139 1578 235 1630 mones,
261 1569 290 1618 et
313 1559 404 1618 Serm.
419 1559 505 1618 VIII.
525 1578 555 1635 p.
571 1561 629 1634 627
652 1559 682 1617 D
707 1557 835 1619 Galilaa‘
855 1579 923 1617 uero
944 1562 997 1635 qui
1016 1566 1084 1618 sunt
1093 1560 1228 1637 suerunt
1247 1577 1281 1616 ese

138 1664 222 1715 erunt
236 1659 297 1715 nesi
311 1659 363 1732 qui
375 1655 531 1717 Galilaeam
551 1659 723 1716 incoluerunt
737 1657 860 1716 sircolunt
874 1659 920 1715 uel
936 1658 1076 1716 molnes
1084 1657 1206 1734 sistum‘s
1223 1664 1284 1714 tens·

134 1756 250 1829 poribus
266 1760 371 1812 erunt)
393 1755 429 1814 cf.
446 1755 508 1815 Cat.
524 1754 606 1814 XXI.
624 1776 639 1813 2
644 1775 661 1830 3
676 1755 744 1815 Non
758 1757 861 1813 barum
880 1756 955 1813 modo
970 1756 1020 1814 scd
1031 1763 1097 1832 quot
1108 1756 1286 1832 autfisersoet

139 1852 202 1910 Aut
215 1859 283 1910 nent
296 1859 348 1910 aut
362 1854 429 1911 21222
446 1861 529 1911 erunt
545 1856 575 1911 in
593 1856 678 1911 annas
696 1871 771 1929 quae
789 1854 880 1911 uerba
898 1852 999 1912 leuiter
1018 1854 1173 1912 immutata
1190 1867 1288 1911 mrsue

140 1950 275 2026 leguntur
288 1950 400 2009 XXIV.
415 1971 440 2021 2,
457 1970 484 2025 3,
500 1949 608 2009 XLIX.
628 1971 654 2022 2,
670 1970 707 2025 37
729 1950 817 2009 Liber
831 1950 1044 2026 Apologeticus
1057 1970 1086 2027 p.
1096 1966 1153 2024 501
1171 1949 1232 2009 Sed
1240 1950 1289 2009 bor

140 2067 240 2106 necesse
255 2068 310 2106 non
327 2067 382 2106 esse
399 2049 504 2106 clamat
518 2049 680 2118 liberalitas,
694 2048 775 2124 quod
789 2048 912 2107 tortasse
931 2050 969 2108 ad
984 2047 1047 2107 Cat
1059 2048 1113 2107 VI.
1126 2063 1142 2123 7
1158 2049 1288 2121 refertur,

140 2145 390 2222 quemadmodum
401 2146 439 2206 ad
449 2146 579 2206 Persium
590 2146 625 2225 (Ι.
638 2149 708 2220 225)
721 2163 797 2223 quae
808 2156 945 2205 secuntur
958 2153 991 2204 ut
996 2146 1152 2223 genuinum
1165 2155 1288 2205 2222222222

174 2354 302 2418 'issimi
337 2357 409 2422 Quod
426 2356 484 2405 iuris
503 2356 550 2418 ipss
568 2371 615 2404 nors
633 2356 974 2418 sumprepriietdemumin
992 2358 1289 2420 sesepeednemoteatet

139 2440 275 2488 descendere
287 2440 359 2502 (Pers.
371 2439 400 2488 V.
414 2438 463 2499 22).
496 2440 570 2500 Epist.
581 2439 624 2487 III.
640 2439 720 2486 Naues'
727 2438 827 2501 pendero
838 2439 896 2502 quid
905 2439 1006 2486 mendax
1017 2438 1124 2493 Graecia.
1134 2439 1194 2501 perid
1200 2439 1290 2500 poesin

138 2522 270 2586 garnslitas
280 2529 367 2584 semper
377 2521 518 2581 &salsitate
528 2522 614 2582 reserat
625 2530 717 2576 amata,
725 2520 861 2582 pestimem
873 2521 963 2568 tantem
974 2518 1114 2568 caballinam
1125 2519 1290 2582 bicipitemque

138 2605 274 2653 Parnassum
293 2604 384 2667 (quen.
400 2603 431 2653 X.
451 2615 505 2666 174,
522 2605 583 2654 Pers.
598 2604 659 2652 Prol.
676 2605 702 2665 2)
718 2604 760 2664 Ep.
773 2602 827 2650 XII.
845 2601 948 2667 &dam
964 2601 1082 2664 presbyter
1103 2616 1140 2650 nse
1157 2616 1184 2649 os
1203 2602 1289 2650 winae

140 2723 146 2736 .
165 2724 171 2738 .
189 2722 196 2736 .
213 2704 249 2737 me
260 2687 374 2749 fellonem
391 2686 543 2735 baedamrsm
559 2697 627 2751 atque
643 2688 764 2748 periurum
783 2685 910 2748 appellauit
929 2687 956 2748 (ς
978 2685 1029 2748 22).
1061 2685 1108 2733 Hie
1123 2699 1197 2748 presens
1212 2701 1289 2732 omenes

139 2769 202 2818 illud
215 2769 376 2818 Terentianum
389 2768 514 2816 ualuiuent
527 2768 650 2816 iustissime
664 2769 798 2829 respondere
812 2768 834 2815 Ο
848 2768 936 2815 fectum
951 2769 1010 2815 bene
1022 2767 1089 2830 (Ter.
1101 2767 1163 2816 And.
1175 2767 1194 2815 1.
1208 2779 1230 2816 1.
1245 2766 1288 2830 78)

136 2851 233 2911 porcino
247 2851 324 2914 magis
338 2850 441 2897 uniuersi
454 2859 648 2912 mnerepoumne
661 2851 768 2898 seribere
800 2849 925 2910 initetis
940 2850 1078 2898 Coniectura
1088 2864 1113 2910 p.
1125 2857 1173 2911 377
1186 2850 1208 2895 Α
1222 2848 1290 2896 Mut-

139 2943 174 2979 tos
193 2948 325 2980 2222222222
343 2931 454 2996 ignobiles
473 2931 560 2979 nobilia
578 2941 643 2993 saepe
656 2931 746 2992 secisse,
763 2932 952 2994 nobilitatemque
973 2947 1003 2979 ex
1024 2931 1126 2993 potentis
1148 2939 1173 2978 et
1195 2932 1289 2993 proprio

139 3022 192 3062 ectu
208 3029 278 3075 quem
296 3029 325 3061 ex
341 3013 425 3069 alieno,
441 3013 552 3061 Sabustm
568 3023 627 3070 teste,
644 3015 749 3074 pendere.
782 3015 927 3061 Itinererium
944 3029 968 3075 p.
984 3025 1033 3076 440
1049 3015 1071 3060 D
1088 3013 1209 3077 digitoque
1225 3028 1289 3060 oom-

139 3111 232 3157 peseens
248 3096 354 3143 labellum
371 3096 484 3158 (luuensl.
503 3097 521 3144 1.
541 3094 604 3158 160).
638 3097 709 3145 Serm.
724 3097 755 3144 11.
770 3112 794 3158 p.
810 3095 858 3157 588
873 3098 896 3143 D
911 3097 1008 3144 surdam
1023 3095 1102 3144 menda
1116 3109 1162 3141 non
1179 3097 1289 3156 praebent

141 3193 220 3225 eurem
241 3178 312 3241 (Hor.
329 3178 350 3227 S.
370 3178 388 3225 l.
401 3191 422 3226 1.
441 3179 492 3239 22).
525 3179 597 3226 Senn.
614 3178 655 3226 Vl.
671 3193 695 3239 p.
711 3176 759 3240 627
777 3180 798 3225 Α
815 3179 867 3225 Ilen
884 3179 932 3224 diss
949 3177 1166 3231 turonicorum.
1183 3177 1224 3238 qui
1240 3180 1289 3224 nim

141 3261 227 3320 petitur
238 3261 311 3324 mega
322 3261 359 3307 ille
370 3260 454 3324 ligetur
466 3261 542 3323 (722222
553 3276 645 3309 uerum
656 3261 729 3309 nescio
740 3261 801 3307 unde
811 3260 963 3323 excerpserit).
997 3259 1089 3306 Planius
1100 3259 1161 3306 enim
1170 3258 1290 3323 malignae

141 3343 280 3404 operationis
295 3343 390 3390 illosum
407 3343 437 3390 ab
452 3344 483 3390 eis
500 3346 529 3391 ed
546 3359 585 3391 me
602 3344 707 3393 decurrit.
740 3343 773 3389 Et
789 3357 832 3406 ego
847 3343 915 3390 21122222
931 3342 1023 3389 turbari
1038 3341 1097 3405 agni
1109 3339 1174 3388 illias
1185 3341 1289 3402 mensple

136 3423 256 3483 fabularis
267 3439 362 3472 mensor
374 3425 486 3488 (Phaedr.
497 3426 553 3474 Feb.
565 3426 584 3473 I.
595 3437 616 3473 1.
628 3426 662 3487 7).
690 3425 751 3472 llinc
759 3424 882 3472 Ratherius
891 3425 1004 3489 colligitur
1012 3424 1087 3485 ipsum
1096 3422 1193 3469 Phaedri
1201 3423 1288 3470 librum

140 3508 227 3572 legisse.
261 3507 337 3554 Aliam
354 3508 455 3554 fabulam
472 3509 501 3554 de
518 3509 585 3555 Rene
602 3509 671 3555 Mure
687 3516 711 3554 et
727 3507 842 3568 Accipitre
859 3506 926 3569 (VII.
943 3521 959 3568 4
976 3506 1012 3553 ed.
1031 3503 1145 3563 Dressler)
1160 3513 1250 3564 spectet
1265 3503 1289 3552 in

141 3590 224 3637 eodem
239 3589 347 3636 Sermom
365 3590 399 3649 (p.
411 3586 459 3637 618
471 3591 509 3650 B).
542 3590 614 3650 Epist.
624 3589 667 3636 XI.
679 3586 728 3649 560
744 3588 898 3636 Tolerabilius
913 3603 969 3634 nam
976 3588 1062 3648 suerat
1072 3594 1174 3633 uestrum
1185 3585 1290 3646 sieseere

141 3671 277 3726 domanium,
290 3680 316 3717 ut
328 3686 395 3733 ouem
409 3671 520 3727 immam,
529 3671 633 3718 eumdem
648 3671 768 3735 diligmsm
780 3671 862 3733 psum,
876 3671 987 3731 utsaeere
998 3669 1163 3716 inelseaueram
1174 3667 1250 3724 illem,
1261 3669 1290 3717 de

141 3768 186 3814 puo
197 3751 256 3800 snilss'
266 3767 392 3816 mmmm
402 3753 520 3813 illudfeei
531 3752 674 3800 Nasonieum
685 3754 770 3800 Probra
786 3753 951 3813 Therapnaeae
962 3753 1001 3813 qui
1012 3753 1101 3800 dinem
1115 3759 1170 3797 ente
1185 3752 1291 3808 merisne,

143 3835 203 3881 Mox
214 3835 297 3883 cecinit
312 3835 389 3883 laudes
400 3835 540 3897 prosperiore
552 3836 599 3896 lyra
612 3836 693 3898 (Ouid.
705 3836 734 3882 A.
745 3838 774 3883 A.
786 3836 828 3882 111.
840 3849 880 3899 49,
893 3835 944 3895 50).
977 3835 1020 3895 Ep.
1031 3833 1094 3882 xIV.
1106 3848 1129 3893 p.
1142 3830 1191 3897 5⁶9
1202 3833 1290 3896 Hyper-

141 3916 210 3963 baton
230 3932 281 3964 eum
301 3917 436 3982 ambagibus
454 3918 502 3964 suis
524 3918 627 3964 omittens
645 3932 695 3964 rem
713 3917 786 3978 ipsam
802 3925 889 3980 quanta
905 3932 971 3964 mese
987 3931 1038 3976 pers
1054 3923 1131 3962 satra
1147 3915 1177 3961 se't
1192 3917 1291 3973 enimse,

142 3999 207 4045 nudo
228 4008 249 4046 et
271 4009 349 4062 aperta
370 4015 473 4048 monsone
496 4015 531 4047 me
552 4000 620 4047 iuuat
637 4000 768 4055 deseribm,
789 3999 920 4047 sebelastiee
941 3999 962 4045 si
982 4014 1029 4045 non
1051 3997 1118 4045 ualeo
1140 3997 1232 4045 uanam
1252 3998 1292 4046 uel

142 4081 230 4136 natiee,
248 4096 293 4128 non
302 4083 361 4144 fiete
379 4092 455 4129 tamen
471 4082 526 4144 puio
541 4090 603 4144 pura
622 4082 691 4129 tralso
709 4097 763 4129 aare
779 4082 841 4142 quod
857 4083 914 4129 latet
930 4095 1013 4127 arcens
1030 4095 1077 4127 non
1093 4080 1218 4128 enarrabile
1234 4079 1290 4128 fibra

140 4163 215 4224 (Pers.
233 4162 262 4212 V.
283 4163 341 4228 29);
368 4173 480 4226 pannem
498 4179 539 4211 uas
560 4165 652 4212 sinuoso
675 4166 698 4211 in
721 4173 814 4225 pectore
830 4164 869 4210 fixi
887 4165 930 4227 (ib.
948 4163 992 4225 27)
1009 4171 1089 4210 natare
1108 4161 1190 4226 gestio.
1222 4162 1292 4210 Illud

141 4244 254 4291 manuum
275 4245 345 4292 nostis
362 4246 442 4293 Dauus
464 4261 514 4294 sum
535 4262 582 4294 non
605 4247 706 4309 Oedipus
724 4248 797 4310 (And.
818 4248 836 4294 I.
858 4259 879 4293 2.
900 4246 943 4309 23)
961 4254 987 4293 ut
1004 4245 1088 4298 lucam
1111 4243 1185 4293 uerbis
1201 4242 1290 4306 sullam

141 4327 265 4375 audianus.
