2872 5002
535 378 901 441 PROLEGOMENA.
1231 398 1290 440 xxv

137 545 233 605 omissi
262 554 335 604 sunt
367 545 440 604 tituli
451 564 459 618 ;
491 545 570 622 atqui
597 546 627 603 in
648 545 831 604 Bononiensi
853 541 908 624 (B)
929 555 958 604 et
979 544 1175 604 Laurentiano
1197 545 1293 622 primo

138 643 223 722 (La¹),
237 644 289 720 qui
310 645 457 704 artissime
472 661 538 702 cum
552 642 697 702 Vaticano
712 644 889 720 conspirant,
904 643 992 702 iidem
1010 643 1153 721 leguntur.
1195 642 1293 702 Credo

137 742 238 800 eadem
269 743 309 801 de
338 761 444 802 caussa
471 753 500 801 et
527 743 557 801 in
585 741 663 802 Oet
687 744 718 800 in
750 741 937 815 Vomissos;
973 742 1067 802 scriba
1093 743 1179 819 pictis
1206 741 1294 800 literis

139 839 321 916 supplendos
337 840 497 918 reliquerat,
512 850 614 915 postea
628 857 689 897 non
703 838 897 915 suppleuerat.

178 936 276 996 Multo
298 938 396 1015 magis
423 938 454 996 in
481 937 536 996 hac
563 956 594 996 re
614 935 711 994 ualere
732 954 840 995 censeo
861 937 990 1013 speciem
1011 954 1047 995 ac
1068 935 1193 995 formam
1215 935 1295 995 codi-

139 1037 195 1106 cis;
225 1053 297 1093 nam
322 1034 352 1094 G
373 1036 490 1113 quidem
511 1053 622 1093 annum
647 1052 732 1094 suum
758 1048 834 1109 1375
856 1035 962 1094 diserte
984 1044 1118 1107 testatur3
1150 1034 1295 1094 Oautem

139 1143 202 1192 tum
222 1133 384 1192 litterarum
406 1134 508 1204 forma,
530 1143 592 1191 tum
613 1133 694 1209 quod
719 1133 864 1192 interdum
886 1134 1008 1210 propius
1032 1133 1145 1192 accedit
1169 1134 1207 1192 ad
1229 1152 1295 1193 eam
1345 1144 1351 1171 t

139 1233 312 1309 scripturam
334 1249 423 1309 quam
450 1231 480 1289 in
500 1231 681 1290 Veronensis
702 1230 804 1290 codice
832 1248 989 1307 possumus
1010 1231 1129 1307 fingere,
1150 1231 1232 1290 cuius
1253 1233 1294 1290 rei

140 1330 256 1405 insigne
277 1328 447 1405 exemplum
468 1337 513 1387 est
533 1328 601 1387 iilud
622 1327 760 1403 m'hr'loque
780 1326 906 1387 XCVII.
927 1347 954 1402 3,
972 1329 1021 1387 uix
1050 1330 1195 1387 minorem
1223 1329 1296 1388 anti-

141 1428 281 1506 quitatem
310 1445 380 1505 prae
409 1446 439 1486 se
460 1425 534 1486 ierre
554 1426 708 1485 existumo.
751 1426 876 1485 Accedit
895 1427 1075 1486 documento
1095 1428 1160 1503 ipsa
1184 1429 1295 1486 scribae

141 1527 264 1597 inscitia,
293 1545 363 1585 nam
389 1526 440 1602 qui
467 1527 497 1583 in
525 1526 582 1583 tine
610 1525 720 1584 codicis
753 1524 866 1601 scripsit
894 1524 993 1584 Finito
1019 1524 1109 1585 Libro
1136 1527 1297 1603 referamur

136 1628 242 1703 gracia
266 1624 387 1697 Christo,
408 1625 433 1682 is
461 1624 557 1682 Latini
584 1622 727 1683 sermonis
755 1640 849 1699 paene
876 1623 956 1683 rudis
980 1623 1041 1696 fuit,
1062 1624 1295 1700 necquicquam

142 1725 237 1801 potuit
251 1723 289 1781 de
304 1740 358 1782 suo
371 1722 533 1780 immutare.

184 1823 290 1900 Itaque
303 1820 383 1898 quod
403 1821 462 1879 iam
480 1837 559 1878 anno
578 1821 653 1894 1867
669 1818 800 1877 dixeram
813 1818 945 1878 codicem
961 1819 1163 1880 Oxoniensem
1177 1818 1231 1899 (0)
1245 1831 1296 1880 aut

142 1919 377 1997 antiquissimum
390 1918 461 1977 mihi
475 1918 566 1977 uideri
580 1918 713 1976 omnium
727 1927 777 1976 aut
786 1935 848 1976 uno
860 1917 1105 1994 Sangermanensi
1120 1918 1296 1992 inferiorem,

142 2019 223 2079 idern
244 2036 322 2077 nunc
343 2017 554 2076 asseuerantius
575 2016 713 2087 dixerim;
741 2033 837 2092 neque
857 2016 897 2074 ita
917 2026 1016 2075 tamen
1041 2026 1072 2076 ut
1099 2035 1162 2076 non
1189 2018 1297 2077 iudicio

143 2118 249 2178 cedam
269 2134 372 2175 eorum
388 2117 438 2192 qui
458 2115 555 2174 multis
576 2114 662 2173 annis
683 2113 799 2173 codices
819 2114 917 2173 omnis
938 2116 1002 2173 aeui
1023 2116 1174 2175 tractando
1191 2126 1297 2175 retrac-

143 2215 237 2275 tando
256 2214 375 2291 paulum
393 2214 533 2290 temporis
551 2213 625 2272 inter
642 2211 710 2272 Oet
727 2211 947 2273 Gintercedere
967 2213 1148 2273 arbitrantur.
1190 2213 1297 2290 Neque

144 2324 246 2373 tamen
266 2312 428 2371 Behrensio
448 2311 595 2370 adsentior
615 2311 747 2388 opinanti
767 2311 846 2370 hunc
866 2330 958 2371 unum
978 2331 1015 2371 ex
1033 2313 1170 2371 omnibus
1191 2312 1298 2371 librum

145 2429 201 2489 pro
220 2411 334 2471 sincero
352 2409 520 2469 habendum
539 2426 621 2481 esse;
643 2427 738 2485 neque
756 2408 786 2467 id
805 2408 864 2468 ullo
882 2409 974 2469 modo
994 2428 1096 2468 uerum
1117 2419 1213 2486 potest
1231 2428 1297 2469 esse

145 2509 228 2587 quod
246 2508 300 2567 sibi
319 2507 469 2584 persuasit,
486 2525 523 2566 ex
545 2505 574 2566 G
593 2516 706 2566 ceteros
720 2524 825 2566 omnes
844 2507 1027 2583 profluxisse.
1068 2506 1148 2564 Nam
1162 2508 1186 2565 si
1203 2506 1298 2583 Opro

146 2608 261 2666 sincero
275 2605 357 2666 solus
369 2604 521 2664 habendus
535 2617 620 2678 esset,
635 2604 811 2682 ecquidnam
825 2614 902 2664 esset
920 2604 1093 2664 lectionibus
1113 2604 1297 2663 tribuendum

146 2723 220 2784 quas
234 2704 373 2764 exhibent
386 2704 472 2762 ceteri
491 2703 636 2762 ueterrimi
650 2703 776 2775 codices,
794 2701 894 2762 Onon
913 2703 1022 2783 habeti
1044 2702 1118 2761 Sunt
1137 2703 1216 2761 enim
1236 2721 1298 2762 non

146 2804 234 2882 pauci
254 2802 320 2875 loci,
334 2802 385 2861 ubi
404 2802 521 2879 longius
539 2821 557 2860 a
576 2819 645 2860 uero
663 2800 783 2860 Oabest
802 2819 891 2877 quam
911 2811 960 2861 aut
978 2799 1006 2860 G
1025 2810 1075 2859 aut
1097 2800 1152 2858 Ven
1166 2811 1215 2858 aut
1229 2799 1295 2859 Bon

146 2902 196 2960 ubi
207 2901 327 2979 quidem
340 2900 387 2960 hic
398 2899 455 2976 legi
468 2909 590 2977 poterat,
602 2908 652 2958 aut
665 2898 800 2958 Datanus
814 2908 843 2957 et
856 2908 957 2959 noster
968 2918 997 2971 a,
1009 2909 1058 2958 aut
1069 2898 1195 2976 denique
1209 2900 1297 2959 etiarn

148 2999 176 3060 C
189 2995 409 3077 (Colbertinus).
451 2996 667 3073 Comparentur
680 2997 762 3056 haec.

640 3189 654 3219 e

273 3238 311 3298 X.
355 3240 392 3297 26
415 3237 549 3315 Sarapim
563 3237 604 3310 D,
619 3237 751 3316 Sarapim
768 3237 806 3310 G,
821 3237 951 3314 Serapini
968 3238 995 3296 0

413 3345 444 3394 tu
458 3335 553 3393 insula
565 3333 636 3407 BG,
650 3336 725 3395 tulsa
741 3334 775 3407 0,
790 3345 821 3393 tu
834 3335 944 3394 insulsa
960 3334 1090 3395 Catullus

210 3436 309 3496 XXV.
375 3456 390 3494 2
413 3435 554 3495 moricida
568 3434 672 3506 BDG,
687 3434 827 3495 moricula
844 3433 870 3492 0

199 3532 310 3594 LXIV.
343 3535 391 3592 '16
413 3533 466 3592 llla
480 3543 566 3610 atque
581 3534 636 3591 alia
649 3532 752 3605 BDG,
767 3533 814 3590 illa
829 3532 883 3591 alia
899 3529 925 3588 0

354 3645 389 3706 77
413 3631 648 3708 Androgeoanee
666 3630 703 3702 G,
718 3631 915 3707 Androgeane
933 3630 959 3688 0

337 3748 393 3804 139
415 3729 501 3787 nobis
518 3728 555 3799 G,
570 3729 678 3788 blanda
695 3727 720 3785 0

336 3839 393 3899 270
414 3827 559 3903 procliuas
573 3825 675 3897 BDG,
690 3818 824 3903 procliuit
841 3825 866 3883 0

336 3941 392 4000 273
414 3926 515 3984 leuiter
528 3936 636 3985 sonant
649 3922 753 3996 BDG,
767 3925 924 4000 leuiterque
940 3933 1046 3983 sonant
1064 3920 1102 3978 0¹

179 4125 188 4156 ¹
207 4126 277 4173 Hanc
293 4124 416 4171 lectionem
432 4124 551 4171 codicisO
567 4123 701 4170 Behrensius
718 4138 796 4170 ueram
813 4138 861 4170 esse
878 4124 1017 4177 existumat;
1041 4119 1097 4166 mihi
1115 4128 1194 4167 contra
1211 4121 1302 4169 uidetur

148 4209 218 4255 lectio
231 4209 303 4254 altera
318 4206 399 4253 leuiter
409 4216 492 4254 sonant
503 4207 596 4267 propius
612 4207 733 4253 aduerunt
748 4205 863 4253 accedere.
897 4205 959 4251 Nam
975 4204 1041 4251 facile
1053 4203 1202 4264 interpolatur
1212 4220 1263 4268 que,
1276 4213 1301 4251 ut

148 4306 178 4337 ex
190 4289 227 4338 his
239 4289 296 4337 locis
309 4296 416 4351 apparet:

381 4371 420 4418 Vi.
435 4383 463 4432 15
476 4370 570 4433 bonique
581 4369 679 4433 malique
692 4371 720 4426 0,
732 4368 785 4417 boni
796 4368 895 4432 malique
906 4368 1008 4429 plerique
1041 4428 1056 4455 ο
