2872 5002
483 401 846 465 PROLEGOMENA.

296 601 314 660 5
336 584 396 645 Sed
409 584 489 662 quod
503 586 567 645 Nec

295 687 313 741 6
477 701 524 742 me
538 687 619 743 cuius

183 780 277 840 XCIL
295 801 312 858 3
334 781 389 842 Cui
403 783 485 860 quasi
499 800 556 858 ego
572 783 657 841 Haec
671 780 774 841 eadem
788 779 908 841 totidem
923 799 993 841 mox
1008 782 1150 858 deprecor
1163 783 1201 841 illi

172 878 281 938 XCVI.
298 900 315 954 4
519 880 652 938 Amissae
978 877 1114 954 (Stabiis)

155 975 280 1036 XCVII.
298 997 313 1036 a
335 977 478 1036 Vtrumne
492 995 527 1037 os
541 995 579 1035 an
594 976 691 1037 culum
835 975 992 1056 (Muretus)

297 1092 314 1148 3
337 1074 477 1133 Mundius
491 1073 548 1132 hoc
562 1073 631 1132 nihil
644 1083 697 1145 est,
711 1072 782 1131 nihil
796 1083 839 1133 est
853 1073 1031 1133 immundius
1045 1073 1093 1132 sslo

296 1192 313 1247 9
337 1171 395 1230 Hic
410 1171 495 1230 futuit
509 1171 606 1232 Mulas
620 1180 649 1230 et
663 1189 694 1230 se
708 1169 776 1229 iacit
790 1169 863 1230 Inde
877 1181 1032 1230 uenustum

280 1288 316 1327 ιο
641 1268 743 1345 Aeque
757 1269 866 1328 Asinus

140 1367 280 1426 XCVIII
297 1387 314 1439 4
479 1366 623 1443 Trepidas
636 1355 745 1442 lingere
760 1365 929 1443 Cercolipas

169 1465 277 1525 XCIX.
295 1487 313 1536 4
805 1463 889 1522 Hora

295 1564 312 1620 8
335 1560 432 1621 Guttis
446 1562 601 1622 abstersisti
849 1560 1006 1635 (Muretus)

296 1680 314 1735 9
723 1659 899 1719 Contactum

280 1777 315 1833 13
764 1757 922 1818 Ambrosio

247 1855 281 1914 C.
297 1856 314 1911 6
337 1854 491 1931 Perspecta
504 1853 603 1931 Exigit
618 1853 687 1914 Hoc

231 1952 281 2012 CI.
299 1971 314 2010 a
401 1952 527 2011 ADueni
854 1950 990 2028 (Stabiis)

295 2052 313 2108 6
417 2048 476 2109 Hei
491 2049 602 2109 Misero
766 2049 865 2128 (nescio
878 2053 941 2125 quis
954 2061 999 2128 ap.
1013 2050 1148 2131 Statim)

297 2162 311 2222 7
336 2148 420 2208 Haec
435 2158 532 2206 tamen
695 2145 791 2224 prisco
805 2165 880 2224 quae
894 2165 975 2208 more

213 2247 282 2307 CII.
300 2265 313 2304 1
398 2244 502 2305 Tacite

298 2364 314 2418 3
337 2343 387 2404 Me
404 2343 455 2402 Me
618 2342 673 2401 Illo
688 2343 739 2402 tibi

183 2441 278 2502 CVII.
298 2459 310 2499 1
388 2441 553 2518 cupidoque
567 2440 748 2518 optandique
762 2440 864 2518 obtigit
879 2457 1008 2517 unquam
1021 2440 1060 2501 Et
1082 2444 1126 2518 (in
1136 2445 1238 2500 matri

458 2558 529 2598 corr.
544 2539 726 2616 optantique)

298 2658 313 2696 a
335 2638 500 2715 Insperanti

297 2752 314 2811 3
600 2732 638 2792 Et
652 2734 747 2793 carius

298 2837 315 2892 6
338 2833 366 2895 Ο
382 2833 446 2894 Lux
461 2834 537 2894 Cara
551 2833 644 2908 magis

299 2947 314 3007 7
600 2940 650 2991 aut
663 2931 758 3007 magis
772 2929 827 2991 hae
842 2930 912 3008 quid

297 3034 314 3089 8
378 3028 549 3108 Optandum
563 3029 599 3089 Iu
613 3029 672 3089 uita

562 3127 597 3186 In
612 3126 741 3187 Conium

169 3224 282 3286 CVIII.
301 3243 311 3282 1
337 3224 367 3283 Si
381 3224 456 3284 Coni
471 3225 588 3284 arbitrio
602 3225 704 3303 populi
717 3237 768 3285 tua
781 3243 856 3285 cana
869 3237 1004 3287 senectus

196 3323 275 3384 CIX.
293 3337 309 3398 5
555 3323 718 3383 Producere

221 3423 283 3483 CX.
301 3442 315 3481 2
400 3420 476 3480 Cum
491 3421 586 3481 iacere

299 3541 317 3593 4
340 3520 431 3593 Quod
445 3519 515 3579 Non
530 3521 583 3579 das
597 3519 635 3578 Et
649 3519 720 3579 Fers
735 3518 836 3599 Turpe
920 3523 1016 3598 (turpe
1031 3518 1239 3593 Froehlicheio)

300 3635 315 3695 7
520 3617 650 3677 Inficitur
664 3618 745 3679 Vitio

239 3718 318 3778 CXI.
337 3737 352 3776 2
375 3717 453 3777 Laus
469 3718 505 3775 In
520 3717 684 3794 Nuptarum
699 3717 849 3778 Laudibus
863 3718 970 3777 eximia
985 3729 1029 3777 est

207 3816 318 3875 CXIII.
337 3837 351 3875 2
376 3816 539 3887 Moechilia‚
554 3816 593 3874 At

190 3915 282 3974 CXV.
302 3935 313 3973 1
339 3915 471 3975 Mentula
485 3915 572 3974 habet
587 3915 694 3974 Noster
898 3912 1057 3987 (Muretus)

302 4028 317 4087 7
562 4013 630 4090 Ipse
645 4013 698 4073 Est
713 4013 861 4071 Maximus
876 4010 991 4071 Horum

301 4115 318 4169 8
341 4112 412 4171 Non
426 4111 525 4182 home,
541 4112 592 4171 sed
606 4131 673 4171 uere
687 4122 730 4171 est
745 4110 876 4170 Mentula
890 4108 1091 4187 magnanimis.

173 4210 280 4270 CXVI.
299 4230 310 4269 1
398 4211 532 4271 Studi0se
547 4212 646 4270 animo
661 4209 699 4268 Et

304 4328 320 4384 3
343 4308 418 4381 Quis
432 4319 460 4368 te
474 4308 603 4380 lenirem,
620 4309 735 4368 Nostris
750 4328 787 4367 ne
802 4324 939 4366 conarere

303 4426 319 4478 4
403 4407 545 4467 Infestum
560 4405 641 4467 Telis
657 4406 771 4467 Mittere
786 4425 887 4466 musca
902 4404 1007 4483 Caput.
