2872 5002
238 356 296 414 338
693 347 911 410 Excvttsus

234 517 356 587 balneis,
369 526 402 576 ut
416 516 447 574 in
460 514 672 574 commentario
686 513 756 574 dixt
797 511 939 572 Munroui
953 510 1101 573 sententia
1119 509 1197 569 baec
1219 519 1267 568 est
1286 507 1393 566 ‘there

235 615 299 674 fore
312 613 397 672 uben
410 631 472 690 you
486 613 565 671 write
573 613 616 670 “it
630 613 655 670 is
669 630 687 670 a
700 611 812 685 shame,
826 610 968 681 Catullus,
978 620 1011 669 to
1023 610 1062 668 be
1075 618 1107 668 at
1120 607 1255 677 Verona,
1269 607 1394 664 because

234 711 304 770 here
319 710 415 769 ubere
429 710 444 767 1
459 729 508 767 am
522 710 656 768 whoever
670 710 695 768 is
709 727 728 767 a
740 727 811 767 man
827 709 863 767 of
879 707 997 767 fashion
1016 707 1071 765 has
1091 707 1170 765 been
1184 707 1331 779 warming
1351 702 1393 759 his

235 809 322 867 limbs
336 825 376 865 on
390 807 439 866 tbe
453 806 512 865 bed
525 823 585 882 you
603 805 678 865 have
689 804 892 876 abandoned?
906 804 965 864 this
979 802 1110 862 Manlius
1123 804 1150 862 is
1165 820 1206 861 no
1221 801 1327 861 shame
1345 801 1393 858 but

235 905 333 965 rather
346 923 365 963 a
378 904 458 964 cruet
472 901 598 964 sorrow!

546 1048 786 1108 ADDENDVM
809 1049 848 1108 ad
870 1046 1014 1106 LXVIII.
1028 1061 1076 1121 75.

278 1164 388 1224 Munro
401 1166 528 1223 coniecit
542 1183 571 1240 p.
593 1166 648 1239 176

363 1276 507 1354 Incepto
521 1295 539 1334 a
551 1277 686 1347 frustra,
702 1275 852 1335 nondum
867 1293 943 1333 cum
964 1272 1130 1350 sanguiue
1145 1290 1258 1332 sacro,

236 1391 321 1452 Idem
342 1393 373 1450 in
395 1411 422 1450 u
447 1411 483 1467 91
503 1410 558 1468 pro
580 1390 677 1464 Quae
697 1401 790 1451 uetet
810 1389 845 1449 id
866 1389 1033 1448 emendauit
1055 1386 1152 1460 Quae
1173 1397 1285 1446 taetre
1305 1387 1348 1458 id,
1363 1387 1391 1444 iu
1412 1442 1415 1446 .

238 1502 274 1565 97
302 1507 357 1565 pro
381 1487 456 1559 Que
478 1490 593 1564 scripsit
612 1489 673 1547 Te.
716 1488 787 1547 Post
813 1506 866 1559 141
888 1487 964 1546 duos
984 1503 1085 1544 uersus
1108 1495 1211 1543 censet
1231 1485 1390 1554 excidisse;

235 1588 267 1644 in
280 1590 337 1657 148
349 1587 485 1644 codicum
500 1585 656 1644 lectionem
672 1586 745 1646 dies
759 1583 888 1656 retinuit;
908 1583 974 1658 156,
990 1596 1006 1657 7
1023 1583 1065 1641 sic
1085 1583 1201 1658 scripsit
1215 1580 1260 1639 Et
1274 1583 1391 1641 domus

236 1684 270 1740 iu
285 1701 351 1759 qua
369 1702 424 1740 nos
442 1682 583 1742 lusimus
597 1692 629 1740 et
643 1681 781 1741 domina
794 1680 835 1740 Et
846 1681 903 1758 qui
922 1679 1093 1757 principio
1104 1680 1207 1739 uobis
1221 1689 1252 1737 te
1266 1687 1299 1737 et
1308 1697 1390 1737 eran

237 1781 332 1839 dedit
345 1780 435 1839 Afer.

283 1880 349 1934 118.
371 1876 587 1955 Corruptumne
601 1888 645 1936 est
659 1886 753 1936 tuum
767 1894 805 1934 ex
820 1876 992 1934 actutum?
1028 1872 1108 1932 Nam
1121 1873 1179 1933 hoc
1195 1874 1239 1933 sic
1254 1875 1389 1950 scriptum

237 1976 336 2034 inueni
350 1977 380 2033 in
395 1977 480 2034 Auct.
496 1975 532 2033 T.
546 1975 585 2034 11.
603 1995 640 2047 24
655 1975 776 2034 actuum
790 1975 904 2032 celenas
917 1975 969 2031 cito
981 1974 1121 2031 schema
1133 1971 1299 2031 submotum

569 2135 787 2199 uxcvnsvs
809 2137 847 2196 au
869 2135 1063 2207 Lxx1.1,2.
1099 2101 1102 2105 ’

279 2260 345 2320 Hos
360 2280 462 2320 uersus
474 2263 517 2322 sic
531 2264 630 2321 scribit
644 2261 753 2321 Munro
767 2280 797 2338 p.
814 2278 870 2318 202

362 2377 467 2455 Siqua
488 2381 559 2437 iure
580 2379 672 2437 bono
694 2395 799 2448 sacer,
821 2393 841 2433 o
863 2373 959 2448 Rufe,
981 2375 1117 2434 obstitit
1136 2374 1255 2434 hircus

399 2477 465 2535 Aut
487 2477 585 2554 siqua
606 2477 728 2534 merito
750 2478 849 2536 tarda
870 2475 1023 2553 podagra
1045 2482 1143 2531 secat

237 2591 292 2650 hac
314 2590 412 2649 addita
426 2591 663 2668 interpretatione
679 2591 728 2649 ‘tt
737 2592 768 2650 in
779 2610 836 2669 any
850 2610 921 2668 way,
933 2589 1035 2661 Rufus,
1050 2587 1101 2648 the
1115 2588 1257 2647 accursed
1271 2587 1391 2663 begeat

237 2688 291 2748 has
305 2690 372 2747 with
394 2690 443 2748 full
463 2692 566 2767 justice
588 2692 673 2767 given
693 2690 819 2756 offence.
835 2708 869 2748 or
883 2690 908 2748 is
925 2691 954 2747 in
976 2707 1033 2764 any
1047 2706 1110 2763 way
1123 2686 1172 2746 the
1187 2686 1301 2763 lamiug
1321 2699 1392 2762 gout

237 2788 405 2864 deservedly
426 2790 602 2866 scourges:’
625 2790 662 2848 ad
684 2790 818 2848 obstitit
839 2799 937 2847 autem
958 2788 1045 2847 allato
1066 2786 1141 2844 Aen.
1161 2784 1215 2842 vt.
1237 2787 1275 2857 64
1294 2784 1391 2860 quidus

236 2885 340 2943 obslt'lt'l
351 2885 438 2943 Ilium
453 2893 479 2944 c!
491 2889 588 2964 iugens
597 2889 693 2962 glorio
708 2887 885 2944 Dardaniae.

561 3064 800 3124 ADDENDVM
822 3066 860 3124 ad
881 3063 1018 3123 LXXVI.
1036 3080 1063 3137 5.

279 3184 336 3242 Pro
358 3195 554 3243 manentum
577 3187 624 3244 uel
645 3189 798 3245 manenti
821 3188 901 3263 quod
923 3188 1032 3246 habent
1053 3185 1171 3245 codices
1194 3185 1304 3243 Munro
1325 3184 1391 3243 scri·

237 3283 367 3341 bendum
389 3293 488 3340 censet
509 3294 648 3341 manent
669 3285 743 3341 iam.
787 3284 870 3343 Idem
891 3287 921 3343 in
945 3303 981 3342 10
1003 3303 1057 3361 pro
1079 3293 1186 3342 curte
1209 3286 1276 3341 iarn
1297 3283 1392 3341 scribit

238 3400 296 3439 cur
318 3392 345 3439 te
367 3382 432 3439 iam
458 3383 493 3438 a!
523 3381 572 3437 ubi
594 3381 675 3457 quod
697 3400 715 3439 a
736 3401 798 3440 non
819 3384 889 3442 elisa
904 3385 948 3452 sit,
969 3383 998 3440 id
1020 3402 1057 3441 ex
1080 3380 1154 3439 Hor.
1177 3380 1276 3457 Epod.
1291 3381 1327 3437 V.
1346 3396 1390 3453 71,

238 3479 304 3537 Tib.
321 3478 377 3535 III.
394 3498 419 3550 4.
437 3482 484 3549 82,
501 3478 552 3537 IV.
573 3497 617 3536 11.
634 3498 650 3554 3
668 3479 806 3538 defendit.
850 3479 976 3538 Versum
995 3499 1027 3536 11
1042 3481 1083 3537 sic
1097 3479 1258 3555 legendum
1273 3490 1372 3538 censet

303 3593 395 3664 Quin
416 3605 452 3652 tu
474 3597 622 3654 animum
644 3595 800 3655 offirmas
821 3606 922 3675 atque
943 3597 1044 3655 istinc
1065 3606 1165 3673 teque
1187 3597 1324 3655 reducis

238 3717 270 3764 ut
284 3719 422 3782 que-et
438 3710 512 3768 inter
527 3728 559 3767 se
573 3711 779 3786 respondeant,
795 3714 970 3789 comparatis
985 3711 1051 3771 CII.
1070 3731 1097 3787 3,
1113 3728 1141 3782 4.

608 3890 847 3950 ADDENDVM
869 3893 907 3951 ad
928 3890 1020 3950 XCV.

281 4007 328 4066 De
346 4009 402 4068 hoc
422 4012 630 4087 epigrammate
649 4014 846 4073 disseruerunt
861 4032 955 4090 nuper
968 4013 1128 4072 Pieitnerus
1142 4009 1280 4088 (Studien
1295 4032 1324 4090 p.
1342 4012 1391 4090 32)

240 4115 269 4164 et
285 4106 391 4166 Munro
406 4106 580 4185 (Crt'tt'ct'sms
599 4112 659 4168 and
672 4112 869 4171 Eluct'dattbnt
883 4131 912 4189 p.
930 4110 1009 4189 209).
1053 4110 1127 4170 Illud
1145 4111 1297 4189 utriusque
1313 4131 1391 4172 com·

241 4223 330 4263 mune
343 4205 421 4282 quod
433 4217 545 4281 praeter
556 4207 682 4268 Cinnam
692 4210 906 4287 Volusiumque
917 4212 1000 4270 tertio
1011 4211 1081 4269 nutli
1096 4210 1195 4269 locum
1211 4211 1392 4280 concedunt;

131 4328 134 4333 >
241 4320 300 4378 quo
317 4304 346 4361 fit
359 4316 391 4363 ut
405 4305 435 4360 in
449 4323 477 4362 u.
494 4324 510 4380 3
528 4307 737 4370 Hortensius
752 4320 892 4387 tanquam
911 4320 1079 4385 corruptum
1100 4309 1213 4381 eiciant,
1229 4310 1330 4371 locum
1351 4311 1391 4370 sic

240 4401 393 4478 refingant,
409 4401 568 4481 Pleituerus
