2872 5002
419 291 651 352 CARMINVM
683 290 875 352 CATVLLI.
1169 292 1227 350 30³

465 573 828 648 EXCVRSVS

566 775 625 833 AD
647 776 671 834 1.
695 795 720 846 4.

70 887 220 981 CITAT
234 915 313 975 hunc
326 933 444 975 uersum
458 915 568 975 Plinius
582 916 613 975 in
627 913 812 975 Praefatione
832 912 980 973 Naturalis
997 911 1146 973 Historiae
1162 913 1177 990 ξ
1196 933 1219 973 r.

65 1012 172 1072 Libros
195 1015 342 1073 naturalis
360 1014 495 1073 historiae
516 1015 654 1072 mucciunt
679 1009 809 1071 Camenis
835 1010 993 1084 Quiritium
1014 1019 1125 1070 tuarum
1147 1011 1221 1087 pas,

65 1120 145 1170 natos
158 1113 237 1187 apud
246 1131 287 1170 nic
298 1113 439 1188 praxim
447 1113 555 1190 fetura
575 1113 713 1170 licentiore
732 1111 849 1186 epistula
870 1129 994 1169 narrare
1014 1111 1145 1169 constitui
1161 1109 1220 1182 tr'lr]

65 1212 261 1270 iucundissime
289 1213 449 1287 inperator,
478 1212 519 1268 sit
543 1210 615 1268 enrici
643 1209 710 1267 hacc
737 1210 783 1265 tui
803 1209 946 1286 pracsatc‘o
973 1209 1130 1280 uerissima,
1156 1209 1219 1266 dum

66 1311 215 1366 maxumei
238 1311 403 1368 consenescit
422 1310 453 1367 in
469 1315 552 1385 patre
560 1328 576 1376 ‚·
606 1325 723 1384 namque
742 1313 772 1364 tu
792 1307 896 1365 solebas
915 1312 1017 1383 putare
1039 1325 1094 1364 cssc
1113 1307 1225 1383 alc‘quid

65 1425 139 1464 meas
159 1426 258 1482 nugas,
281 1414 314 1464 ut
331 1405 433 1464 abe'ccrc
452 1406 555 1464 molcar
571 1402 716 1464 Catullum
736 1411 942 1463 conterraneum
962 1424 1049 1463 neum
1062 1399 1221 1482 (adgnoscis

64 1509 91 1560 ct
102 1504 151 1561 lroc
164 1511 299 1562 castrense
312 1499 439 1580 uerbum)
448 1525 463 1571 ‚·
485 1504 531 1561 illc
544 1504 623 1574 cnc‘rcn
638 1504 744 1574 uticii,
759 1504 927 1578 permutant
941 1502 1092 1578 prioribus
1104 1501 1220 1576 syllabis

65 1603 257 1661 duriusculum
289 1623 317 1662 se
331 1604 409 1681 fecit
434 1621 518 1677 quant
547 1591 654 1660 ualebat
679 1602 855 1660 existumare*
877 1619 896 1658 a
926 1600 1080 1659 Veranialis
1107 1601 1168 1658 suis
1195 1606 1223 1657 ct

65 1699 204 1758 Fabullus.
248 1699 398 1777 Exscripsi
426 1700 525 1758 locum
553 1699 647 1776 qualis
674 1717 711 1758 ex
740 1698 858 1775 optimis
886 1697 1038 1758 codicibus
1065 1697 1217 1775 colliginu.

64 1797 146 1856 Dixit
167 1797 203 1857 de
225 1815 261 1856 eo
282 1797 488 1858 Mommsenus
502 1799 533 1857 in
547 1797 661 1856 Herme
677 1797 700 1858 1.
720 1801 786 1870 128,
800 1798 858 1869 ubi,
873 1797 972 1857 relicta
992 1797 1097 1857 Alciati
1118 1815 1218 1857 ernen-

65 1895 182 1956 datione
205 1895 376 1967 Saetabis,
393 1896 510 1956 codices
529 1906 645 1956 secutus
666 1897 822 1975 plerosque
843 1897 988 1975 syllabis
1010 1896 1141 1967 restituit,
1163 1914 1217 1973 pro

65 1994 160 2052 uerbis
183 1995 324 2053 obicere
352 1994 475 2052 moliar
500 1995 546 2053 uel
570 1993 651 2070 quod
679 1995 790 2054 habent
816 1994 863 2053 alii
891 1995 1032 2053 obicere
1060 1992 1216 2052 molliam

65 2110 132 2149 cum
154 2092 283 2152 Barbaro
305 2092 451 2153 Rhenano
473 2092 665 2170 Dalecampio
687 2094 802 2153 obiter
815 2092 992 2152 emolliam
1013 2092 1111 2152 scribit
1122 2112 1131 2165 3
1152 2110 1215 2151 uer·

64 2207 130 2247 sum
145 2207 232 2266 quem
247 2191 284 2250 de
299 2188 414 2250 Catullo
429 2191 527 2250 citauit
541 2191 651 2250 Plinius
666 2193 709 2252 sic
723 2191 870 2252 constituit
884 2209 951 2249 cum
966 2189 1099 2266 Hauptio

600 2326 750 2385 namque
772 2319 807 2367 tu
829 2308 970 2367 solebas

307 2402 426 2480 Nugas
447 2423 524 2464 esse
546 2405 681 2483 aliquid
703 2424 798 2466 meas
819 2415 948 2484 putare.

63 2516 140 2576 Cum
161 2518 240 2576 enirn
261 2518 424 2596 scripsisset
440 2518 572 2582 Catullus
594 2521 691 2583 Mlas
712 2540 790 2582 esse
811 2520 944 2598 aliquid
964 2528 1087 2597 putare
1106 2535 1215 2594 nugas

62 2615 192 2675 iambum
207 2626 304 2676 autem
317 2618 365 2677 uel
378 2619 548 2679 trochaeum
568 2621 598 2679 in
617 2621 711 2697 prima
731 2621 802 2680 sede
822 2617 1130 2696 hendecasyllaborum
1152 2633 1214 2673 non

62 2723 205 2791 ponerent
219 2714 293 2774 Plini
306 2717 444 2794 aequales
457 2728 489 2776 ut
502 2717 659 2790 duriorem,
673 2719 755 2780 cuius
772 2720 814 2778 rei
832 2719 913 2778 testis
934 2716 973 2776 sit
992 2717 1089 2774 minor
1103 2714 1214 2774 Plinius

61 2812 138 2889 Epp.
153 2813 176 2871 I.
196 2815 241 2885 16,
256 2831 274 2889 5
285 2816 369 2891 sacc't
383 2834 490 2887 uersus,
505 2817 599 2891 quales
622 2816 751 2877 Catullus
771 2825 822 2875 aut
843 2817 953 2878 Caluus
960 2836 976 2885 ,·
1001 2821 1135 2892 quantum
1155 2813 1214 2871 illis

59 2913 162 2986 leporii
185 2912 336 2971 dulcedinis
357 2915 556 2973 amantudcnis
580 2917 708 2973 amarti!
755 2914 863 2973 Inserit
884 2935 950 2973 sane
973 2915 1023 2972 scd
1043 2915 1109 2972 data
1130 2921 1214 2988 opera

59 3011 187 3068 mollibus
211 3012 365 3087 lenibusque
391 3014 568 3073 duriusculos
602 3014 741 3088 quasdam,
768 3021 795 3071 ct
820 3013 869 3071 lcoc
896 3014 982 3088 quasi
1008 3012 1138 3073 Catullus
1165 3017 1216 3069 aut

62 3106 195 3174 Caluus‚·
217 3107 343 3167 Plinium
357 3112 539 3169 conterranei
555 3110 598 3169 sui
616 3108 722 3169 Catulli
742 3121 774 3169 ut
795 3111 826 3168 in
847 3111 1028 3187 praefatione
1049 3110 1146 3187 operis
1167 3128 1211 3168 re·

59 3206 223 3279 cordatum,
238 3208 327 3266 uerba
341 3209 403 3267 eius
424 3210 484 3269 suis
504 3209 670 3281 inseruisse,
685 3208 737 3267 sed
757 3208 797 3268 ita
818 3209 948 3270 emollita
967 3217 1001 3267 ut
1021 3226 1074 3285 pro
1096 3209 1211 3267 duriore

58 3304 109 3361 illo
137 3305 235 3362 iambo
258 3303 342 3364 Meis
365 3316 479 3366 mutato
501 3307 603 3366 ordine
627 3307 785 3366 uerborum
809 3308 945 3366 scriberet
966 3307 997 3364 in
1017 3307 1113 3383 primo
1134 3305 1210 3383 pede

58 3418 181 3477 nugas,
209 3420 303 3461 meas
331 3403 489 3462 collocaret
519 3405 550 3463 in
584 3414 696 3482 quarta.
750 3403 835 3464 Haec
863 3421 1032 3481 quanquam
1067 3403 1210 3480 plerisque

58 3501 191 3576 probata,
213 3518 306 3576 nuper
329 3511 428 3560 autem
453 3503 541 3561 etiam
566 3501 716 3574 Munroni,
737 3520 799 3561 non
820 3503 896 3562 adeo
920 3501 991 3561 mihi
1014 3519 1084 3560 uera
1109 3500 1209 3560 uiden-

58 3610 106 3657 tur
131 3609 163 3657 ut
193 3599 263 3659 nihil
294 3609 396 3659 contra
424 3600 481 3659 dici
512 3601 613 3677 possit.
666 3599 746 3659 Nam
770 3597 815 3679 (r)
840 3600 915 3659 Plini
943 3599 1060 3658 codices
1089 3600 1209 3658 testibus

59 3698 171 3774 Silligio
200 3709 229 3757 et
253 3697 422 3760 Detlesseno
447 3699 556 3759 habent
582 3718 730 3776 namque
758 3711 794 3758 tu
818 3700 958 3758 solebas
983 3709 1104 3775 putare
1132 3716 1208 3757 esse

57 3795 190 3872 aliquid
212 3794 275 3874 <uel
293 3796 427 3874 aliquid
447 3796 541 3875 esse)
555 3817 649 3858 meas
670 3815 789 3874 nugas
811 3796 857 3857 uel
872 3816 947 3857 esse
966 3796 1096 3874 aliquid
1115 3815 1208 3855 meas

56 3907 174 3972 putare
186 3891 286 3972 (esse)
298 3898 571 3974 nugasnonquod
583 3897 731 3974 Hauptius
743 3896 972 3974 posuitNugas
987 3894 1207 3972 essealiquid

56 4011 151 4052 meas
171 4003 301 4069 putare.
345 3994 415 4067 Quo
430 3996 531 4054 ordine
546 3997 569 4056 si
585 3999 674 4057 uerba
688 3996 797 4056 Plinius
817 3997 975 4064 coniunxit,
993 4013 1055 4054 non
1071 3994 1205 4070 intellego

55 4092 152 4151 curin
170 4091 249 4150 nullo
269 4093 372 4151 codice
393 4094 519 4169 primurn
539 4095 637 4153 locum
659 4095 789 4153 obtineat
810 4113 922 4170 nugas,
938 4095 967 4150 in
985 4092 1120 4151 omnibus
1142 4092 1206 4148 ulti·

55 4207 146 4247 mum.
199 4188 265 4248 Nec
293 4191 318 4249 si
348 4190 457 4250 Plinius
486 4191 592 4251 Catulli
619 4193 710 4251 uerba
737 4201 850 4250 mutato
878 4191 995 4267 quidem
1023 4189 1126 4248 ordine
1153 4188 1205 4248 sed

54 4298 170 4347 seruato
202 4298 296 4347 metro
326 4289 466 4349 uoluisset
494 4290 621 4360 laudare,
650 4289 679 4348 id
711 4289 855 4350 dicturum
886 4289 974 4349 credo
1004 4288 1093 4349 fuisse
1124 4289 1206 4366 quod

54 4385 189 4463 Hauptio
204 4387 312 4464 placuit
331 4387 382 4448 sed
403 4387 500 4464 potius
522 4387 672 4448 Nostras
693 4405 768 4447 esse
789 4388 923 4464 aliquid
943 4398 1065 4463 putare
1087 4405 1207 4462 nugas,
