2872 5002
520 307 744 370 EXCVRSVS.
1150 309 1208 365 349

59 473 177 532 Seruius
197 473 269 532 haec
291 473 359 532 dicit
377 474 415 532 ad
429 474 504 533 Aen.
519 474 543 533 I.
559 477 617 550 436
633 473 843 550 Fragrantia.
890 472 1020 545 Quotiens
1040 473 1209 530 ruceudt'rrrus

56 571 236 647 significatur
257 572 330 645 quad
337 571 427 647 statu
447 573 537 629 alitur
551 574 632 648 ρινΙ
650 573 776 642 dicimus,
798 572 918 646 quatiens
939 572 1006 630 odor
1026 572 1080 646 qui
1084 571 1209 648 fracta

56 671 158 744 specie
177 671 266 726 maiar
280 675 320 726 est
334 680 386 745 per
400 690 417 727 r
430 671 555 727 dicimus.
597 669 710 728 Probus
724 671 754 727 in
769 669 943 745 Appendice
957 688 986 745 p.
998 688 1070 752 Ι101.
1090 686 1125 742 19
1140 666 1209 725 Keil

58 764 138 823 Inter
159 766 287 843 fragrat
307 772 333 824 et
352 766 476 853 flagrat
498 764 636 845 (fraglat
656 766 724 826 cod.
739 766 782 845 B)
796 766 845 824 hoc
858 769 972 824 auteres!
989 767 1064 842 quad
1080 765 1209 840 fragrat

57 865 195 942 (fraglat
222 864 264 943 B)
293 867 398 923 odorem
425 865 577 942 significat,
600 865 726 943 flagrat
750 885 816 924 uero
843 866 1008 942 splendorem
1036 866 1208 922 demonstrat.

58 961 128 1021 Hoc
149 963 237 1020 Probi
258 973 415 1039 praecepto
438 962 507 1020 nihil
528 964 673 1038 antiquius
694 981 790 1039 neque
811 964 848 1022 ad
870 982 933 1022 rem
953 964 1071 1039 grauius
1092 961 1187 1020 habeo
1199 979 1207 1033 ;

59 1080 128 1119 nam
151 1072 264 1120 caetera
286 1060 429 1120 uocabula
449 1060 523 1118 inter
545 1079 619 1137 quae
642 1060 848 1119 discretionem
869 1061 961 1137 ponit,
984 1062 1120 1136 pleraque
1141 1068 1210 1118 sunt

59 1160 202 1218 eiusmodi
217 1171 248 1219 ut
262 1160 445 1219 audientibus
459 1160 606 1236 potuerint
620 1161 725 1219 eadem
740 1159 840 1230 uideri,
856 1159 937 1237 quod
951 1159 1029 1218 cadit
1043 1160 1073 1217 in
1087 1158 1210 1236 flagrat,

45 1259 178 1334 fraglat,
198 1259 229 1316 in
241 1260 363 1335 flagrat,
374 1258 507 1335 fragrat
524 1276 586 1316 non
607 1276 644 1317 ex
665 1277 770 1335 aequo,
820 1257 918 1318 Gloss.
937 1256 1009 1316 Ball.
1030 1255 1167 1332 Fraglat
1187 1261 1214 1312 et

59 1355 183 1431 flagrat
204 1359 245 1414 ita
265 1357 470 1432 distinguitur:
493 1355 617 1432 fraglat
631 1367 684 1432 per
703 1357 856 1415 rlr‘ttrram
877 1356 918 1414 ad
935 1356 1040 1414 adorem
1061 1354 1209 1431 refertum·

59 1454 184 1530 flagrat
195 1466 249 1530 per
263 1456 328 1511 lad
335 1454 484 1529 flammam
501 1460 528 1511 et
540 1456 639 1531 r'guem.
683 1454 727 1513 Id.
743 1454 883 1531 Fraglat
903 1455 1003 1512 redolet
1018 1455 1118 1529 spirat,
1132 1451 1210 1511 Fra·

60 1554 192 1628 glantia
220 1554 281 1610 bene
308 1553 416 1611 olentia.
459 1551 557 1610 61055.
587 1551 781 1611 Hildebrandi
802 1570 832 1629 p.
863 1549 1212 1627 147Frag1antistene

60 1651 163 1709 alentes.
206 1650 304 1709 Gloss.
318 1650 397 1726 apud
412 1649 482 1708 Mai.
498 1651 582 1708 Auct.
599 1648 693 1709 Class.
708 1649 784 1709 Vlll
803 1664 860 1724 245
875 1650 1044 1725 Fragrare
1057 1650 1128 1708 olere
1141 1649 1216 1724 quad

60 1756 87 1807 et
99 1747 246 1825 fraglare
260 1748 371 1805 drittur.
401 1746 445 1806 Ib.
462 1762 519 1822 509
534 1746 673 1805 Rentdere
686 1748 936 1824 alerefraglare.

104 1845 286 1905 Glossarium
300 1855 383 1904 uetus
397 1844 472 1904 Bibl.
487 1845 571 1904 Bodl.
589 1843 687 1922 (Auet.
705 1845 743 1904 T.
758 1844 798 1904 11.
816 1843 867 1923 24)

186 1994 351 2069 Flagrans
364 1994 598 2071 ardenrfulgens.

185 2093 323 2169 Flagrat
336 2093 415 2150 ardet
428 2093 490 2149 urit
501 2093 547 2149 uel
559 2093 616 2150 alet.

186 2191 244 2249 Fla
248 2190 383 2267 grantia
397 2190 542 2248 redolentia
556 2191 686 2247 ardentia
700 2192 800 2248 suauis
813 2191 888 2248 adar.

187 2289 404 2366 Flagrantius
418 2290 560 2363 caprasius.

187 2387 388 2464 Flagrantes
402 2386 498 2444 olentes
512 2388 638 2444 ardenter
653 2386 698 2444 uel
710 2386 885 2463 refulgentes.

186 2485 211 2547 F
216 2505 258 2544 ra.
274 2484 352 2562 glat.
361 2485 430 2560 plur
444 2484 513 2542 alet.
530 2486 575 2541 uel
586 2484 710 2560 fraglat
725 2526 731 2542 .
748 2485 855 2541 adorem
869 2482 924 2541 dat.

187 2582 249 2641 Fra
252 2583 388 2660 glantes
403 2626 411 2641 .
425 2583 487 2641 bene
500 2584 597 2641 olentes
611 2584 657 2641 uel
669 2583 834 2660 refulgentes
847 2582 906 2639 siue
919 2580 1052 2639 ardentes.

108 2733 183 2791 lllud
197 2743 345 2808 praeterea
364 2736 526 2793 notandum
548 2743 601 2804 est,
616 2734 698 2809 quod
719 2732 812 2807 flagro
833 2730 881 2789 uel
902 2692 995 2806 frlglo
1018 2731 1108 2789 rarius
1122 2747 1140 2788 a
1154 2747 1217 2788 cor·

63 2843 148 2908 repta
163 2831 274 2906 legitur.
317 2830 438 2889 Habent
459 2831 489 2890 id
511 2833 629 2907 quidem
644 2830 791 2907 Vergilius
808 2829 844 2888 G.
860 2829 884 2888 Ι.
901 2847 957 2905 331
975 2830 1023 2886 ille
1042 2827 1216 2903 flagranti,

66 2933 142 2989 Aen.
163 2929 202 2989 ΙΙ.
224 2931 283 3002 685
302 2931 456 3005 crt'rremque
478 2930 690 3007 flagrantem,
713 2927 776 2988 Cat.
799 2927 851 2986 VI.
875 2932 892 2987 8
915 2925 1058 3004 Seruique
1077 2947 1110 2985 ac
1131 2924 1218 3002 Syria

66 3029 217 3105 flagrans
242 3029 322 3094 oliuo,
348 3026 487 3087 Manilius
508 3029 532 3088 1.
556 3031 624 3100 620,
646 3028 683 3085 V.
708 3047 776 3100 442,
798 3026 953 3087 Petronius
979 3025 1040 3084 Sat.
1067 3044 1132 3092 124.
1158 3025 1213 3082 262

66 3124 245 3202 (fragranti
259 3126 353 3184 codex
368 3125 398 3183 P
412 3126 611 3204 Buechelerilz
633 3127 684 3185 sed
700 3144 847 3202 nusquam
866 3126 907 3184 sic
924 3133 1095 3201 usurpatum
1116 3123 1217 3182 inueni

66 3223 145 3299 apud
168 3223 334 3281 Lucretium
357 3223 507 3281 Tibullum
530 3224 712 3299 Propertium
736 3222 894 3282 Horatium
919 3222 1061 3282 Ouidium
1085 3220 1216 3280 Persium

67 3320 237 3379 quenalem
259 3320 423 3379 Martialem
446 3318 569 3380 Statium
591 3321 713 3396 Priapia.
756 3320 802 3379 Ex
823 3321 868 3380 his
888 3321 961 3379 locis
983 3320 1113 3396 quinque
1134 3318 1218 3377 ubia

68 3428 202 3493 correpta
216 3428 268 3481 est,
285 3419 315 3475 in
330 3436 390 3476 uno
411 3415 575 3476 Catulliana
596 3436 717 3477 5511511111
737 3418 829 3476 alendi
846 3419 966 3489 retinet;
988 3418 1018 3474 in
1040 3415 1142 3474 ceteris
1164 3433 1218 3491 pro

67 3515 239 3573 urr'dicitur.
281 3514 328 3572 Ne
343 3515 401 3573 hoc
417 3515 535 3591 quidem
551 3514 700 3574 fortuitum
721 3515 837 3588 habeo;
860 3534 929 3572 nam
951 3533 987 3572 511
1009 3513 1219 3587 conparatione

68 3614 225 3689 scripturae
250 3612 385 3672 codicum
414 3613 471 3671 hoc
499 3613 563 3672 elici
591 3631 680 3690 posse
704 3614 818 3673 uidetur
826 3633 835 3686 ;
871 3613 1017 3689 flagrare
1046 3611 1218 3686 plerumque

68 3718 207 3792 scriptum
221 3715 309 3774 fuisse
324 3716 374 3774 ubi
386 3716 437 3772 uri
444 3716 653 3792 significaretur
658 3735 666 3788 ;
682 3714 829 3792 flagrare
844 3712 889 3771 uel
905 3712 1061 3789 fraglare,
1076 3712 1218 3769 incertum

68 3825 164 3874 utrum
183 3813 236 3872 sed
257 3814 315 3873 hoc
334 3813 457 3873 fortasse
479 3816 603 3891 saepius,
619 3815 668 3873 ubi
690 3832 744 3891 pro
767 3813 859 3873 olere
881 3812 1009 3888 positum
1030 3819 1114 3868 esset
1159 3808 1218 3868 Sed

68 3914 126 3973 hoc
141 3931 228 3972 sensu
243 3912 348 3971 Catulli
362 3927 495 3988 tempore
514 3914 604 3972 rarius
625 3916 804 3991 usurpabant
818 3911 1003 3980 uocabulum,
1018 3928 1086 3969 cum
1100 3909 1124 3967 is
1139 3908 1218 3984 apud

68 4010 203 4070 Plautum
228 4009 400 4069 Terentium
421 4009 551 4068 Ennium
573 4011 763 4070 Comicorum
788 4021 817 4070 et
838 4009 1032 4086 Tragicorum
1056 4007 1218 4083 fragmenta

69 4110 237 4169 Lucretium
266 4108 423 4169 Caesarem
450 4108 606 4168 Salustium
631 4109 720 4169 Corn
748 4109 896 4185 Nepotem
922 4125 1066 4185 nusquam
1087 4106 1218 4165 uideatur

69 4227 229 4268 occurrere.
272 4207 378 4285 Itaque
393 4207 472 4266 haud
487 4208 549 4267 scio
563 4227 601 4267 an
616 4226 677 4266 non
699 4218 775 4266 reete
797 4205 977 4266 Ribbeckius
998 4205 1161 4281 suspicatus
1182 4205 1218 4265 sit

71 4307 244 4367 Seruianum
268 4308 338 4367 illud
363 4308 520 4367 discrimen
541 4305 631 4367 serius
652 4306 800 4364 inuectum
825 4304 923 4364 fuisse.
965 4303 1043 4363 Nam
1065 4303 1088 4363 si
1109 4303 1218 4380 duplici

71 4424 160 4465 sensu
173 4407 269 4483 primo
284 4405 434 4468 dicebatur
448 4405 594 4482 flagrare
609 4402 692 4464 facile
710 4403 808 4462 euenit
821 4412 851 4461 111
866 4401 1069 4479 progrediente
1086 4412 1218 4478 tempore
