2872 5002
143 320 184 379 xii
542 317 904 381 PROLEGOMENA.

145 501 266 561 Phaedo
284 511 313 560 et
332 499 426 560 Meno
443 499 565 561 Latinus
584 503 691 562 saeculi
708 503 757 574 xii,
772 513 809 576 et,
823 503 905 580 quod
923 502 969 563 his
985 504 1071 566 annis
1085 505 1193 566 frustra
1206 521 1259 585 qm

145 600 212 659 sinit
225 599 397 659 Valentinus
412 598 502 672 Rose,
518 601 646 676 epitoma
660 600 707 659 illa
720 600 865 677 Diogenis
884 600 998 674 Laertii,
1013 621 1104 680 quam
1121 604 1247 664 Crom'ca

145 701 228 774 nugis
231 698 453 773 philosophorum
467 698 555 757 medii
569 699 634 758 aeui
648 699 803 776 scriptores
818 699 1012 777 appellabant
1051 701 1139 774 Quae
1152 713 1265 764 sentent

145 797 169 854 si
183 815 252 855 uera
262 806 313 867 est,
328 813 390 854 non
404 796 540 873 intellego
554 796 633 856 unde
647 797 756 857 iactum
771 799 807 858 sit
820 808 852 857 ut
865 799 993 876 capitum
1007 800 1083 860 ordo
1101 819 1193 878 quem
1207 802 1267 863 hab

145 893 312 953 Hieremiae
326 893 544 971 Compendium
558 896 692 954 ordinem
706 906 843 974 sequatur
858 900 1020 958 carminum
1035 898 1140 959 Catulli
1154 901 1270 978 qualisi

144 992 294 1051 codicibus
307 1002 437 1052 seruatus
451 1004 503 1052 est
533 991 612 1051 Nam
623 1012 725 1053 uersus
735 995 774 1053 illi
784 995 852 1053 xxii.
865 999 963 1054 18-20
974 1007 1125 1073 praeterea
1135 1000 1236 1058 xxxix.
1248 1010 1273 1058 rt

144 1090 173 1148 li.
192 1105 237 1164 15,
260 1093 305 1163 16,
327 1091 415 1169 capiti
436 1091 539 1166 quinto
560 1090 804 1164 adnumerantur3
835 1103 896 1151 tum
917 1093 982 1152 lxiv.
1007 1099 1147 1170 143-148
1169 1107 1275 1157 octauo

143 1188 208 1246 lxvi.
235 1203 280 1262 15,
307 1189 351 1260 16,
372 1189 458 1248 lxviii.
476 1201 532 1264 137
554 1206 651 1260 non0;
684 1189 824 1265 lxxvi.13
846 1190 1002 1250 undecimo
1023 1193 1072 1252 uel
1093 1193 1272 1255 duodecimo

144 1304 240 1363 neque
254 1305 325 1346 uero
339 1289 430 1363 capta
445 1305 564 1364 semper
578 1287 608 1345 in
622 1286 817 1364 Compendio,
833 1288 885 1346 sed
902 1306 1115 1367 nonnunquam
1136 1309 1193 1367 pro
1214 1293 1280 1369 capi

143 1386 220 1442 tibus
240 1384 313 1442 iibri
329 1395 605 1444 commemorantur.
646 1385 743 1444 Potuit
763 1403 833 1445 sane
854 1385 978 1463 scriptor
991 1387 1200 1465 Anthologiae‚
1214 1390 1283 1450 undt

144 1481 309 1540 Hieremias
327 1481 431 1541 Catulli
447 1500 550 1542 uersus
567 1483 684 1543 duxmse
703 1483 836 1554 creditur,
851 1501 887 1543 ea
907 1493 1020 1543 tantum
1039 1503 1197 1562 excerpere
1217 1504 1285 1564 quat

144 1581 316 1638 sententiam
329 1597 519 1640 communem
537 1599 607 1657 prae
622 1599 653 1641 se
668 1580 783 1652 ferrent,
797 1591 892 1640 cetera
911 1583 1051 1654 omittere,
1066 1583 1156 1661 idque
1176 1595 1287 1645 seruato

143 1676 245 1735 ordine
256 1678 434 1750 carminum;
449 1680 500 1738 sed
509 1697 604 1756 neque
615 1680 672 1739 alia
684 1689 825 1756 apparent
835 1679 899 1738 talis
908 1679 1105 1757 Anthologiae
1119 1683 1252 1759 uestigia,
1263 1692 1290 1743 et

145 1772 216 1831 nibil
235 1775 335 1834 subest
349 1793 454 1835 causae
468 1795 519 1836 cur
533 1795 594 1837 non
615 1787 646 1836 ut
667 1778 791 1853 scriptor
803 1775 910 1835 florum
924 1776 1113 1848 Veronensis,
1128 1779 1169 1838 ita
1187 1779 1290 1840 Hiere-

143 1873 216 1931 mias
230 1891 267 1932 ex
281 1873 395 1949 integro
409 1873 511 1933 codice
525 1873 630 1934 Camlli
645 1892 698 1933 sus
711 1874 895 1950 excerpserit
931 1874 1022 1947 Quod
1029 1877 1126 1953 capita
1139 1877 1188 1935 uel
1201 1879 1290 1939 hbros

142 1981 294 2042 memorat,
308 1972 403 2030 codex
417 1972 442 2031 is
456 1972 562 2032 Catulli
575 1990 665 2050 quem
680 1983 797 2032 secutus
811 1981 863 2043 est,
874 1973 1002 2032 numeris
1016 1972 1151 2034 distincta
1160 1977 1292 2036 carmina

142 2087 204 2127 non
225 2069 341 2142 habuit;
366 2070 548 2146 quodetiam
569 2072 599 2129 in
613 2072 732 2131 codices
746 2070 823 2129 cadit
837 2071 887 2147 qui
907 2088 987 2130 nunc
1000 2081 1108 2143 extant,
1123 2072 1153 2131 hi
1168 2074 1290 2134 enimet

142 2167 270 2225 numeris
281 2176 379 2226 carent
389 2168 568 2243 plerumque,
581 2186 636 2227 nec
646 2169 703 2227 nisi
714 2168 800 2226 titulis
810 2167 858 2226 uel
868 2167 969 2244 spatiis
979 2167 1202 2245 distinguuntur.
1232 2169 1290 2231 Sed

142 2273 170 2322 et
184 2264 253 2322 uitia
266 2281 403 2324 uersuum
418 2264 570 2324 allatorum
583 2267 614 2323 in
628 2264 816 2343 Compendio
835 2264 939 2324 eadem
956 2275 1023 2323 sunt
1036 2283 1112 2343 quae
1126 2267 1157 2325 in
1170 2268 1289 2344 optimis

142 2362 291 2421 codicibus
312 2360 433 2435 Catulli;
459 2381 527 2421 nam
542 2363 607 2422 lxiv.
626 2376 682 2436 145
696 2380 751 2439 pro
765 2363 857 2439 apria’
871 2361 989 2422 codices
1009 2361 1189 2440 Compendii
1209 2366 1290 2425 exhi·

141 2460 213 2518 bant
232 2465 259 2518 ct
277 2461 336 2536 ipsi
353 2459 438 2520 Misc.
457 2462 522 2532 116,
536 2462 648 2519 antinus
665 2462 723 2536 ipsi
732 2459 809 2519 Nou.
824 2458 898 2519 Coll.
917 2478 983 2531 roo,
996 2461 1043 2520 ed.
1056 2459 1133 2520 Ven.
1146 2462 1289 2538 empna)-

141 2577 177 2617 ex
197 2559 304 2618 nostris
322 2569 419 2618 autem
438 2559 589 2619 codicibus
609 2556 714 2617 Catulli
733 2558 790 2616 hoc
808 2558 904 2634 ipsum
918 2558 1038 2633 adipisci
1048 2558 1195 2617 inuenitur
1208 2560 1239 2618 in
1255 2558 1288 2634 0,

141 2654 229 2714 luisse
241 2655 354 2714 uidetur
365 2656 394 2713 in
412 2653 449 2727 G,
461 2672 641 2732 quamquam
655 2655 743 2713 erasis
754 2655 867 2713 duabus
877 2654 965 2713 literis
975 2672 1053 2713 nunc
1062 2655 1167 2731 legitur
1177 2659 1288 2733 apid,-

140 2763 202 2811 tum
217 2753 282 2812 lxvi.
298 2768 343 2827 15,
355 2771 410 2829 pro
423 2772 495 2810 anne
504 2760 652 2828 parentum
666 2752 747 2829 quod
761 2770 864 2812 uemm
878 2751 1007 2822 habetur,
1018 2762 1047 2810 et
1061 2754 1091 2810 in
1101 2751 1288 2831 Compendio

140 2860 169 2909 et
183 2852 213 2909 in
227 2849 332 2909 Catulli
344 2850 494 2909 codicibus
503 2850 609 2927 legitur
618 2856 698 2926 atque
700 2858 860 2926 parentum.
888 2850 991 2927 Itaque
1005 2869 1043 2909 ex
1056 2851 1171 2926 integro
1186 2853 1288 2914 codice

141 2945 246 3006 Catulli
257 2948 341 3007 locos
353 2965 422 3007 suos
434 2956 547 3024 septem
557 2946 736 3006 Hieremiam
745 2948 864 3008 duxisse
874 2947 971 3007 iudico
981 2968 991 3022 ;
1005 2949 1055 3024 qui
1066 2948 1089 3007 si
1098 2959 1167 3008 ante
1177 2969 1289 3010 annum

144 3062 224 3118 1300
237 3056 370 3104 mortuus
380 3056 432 3117 est,
444 3044 550 3127 Catulli
564 3046 694 3104 carmina
708 3055 776 3104 ante
790 3063 858 3104 eum
872 3063 983 3104 annum
996 3047 1115 3104 inuenta
1125 3045 1216 3107 fuisse
1226 3067 1289 3108 cre-

140 3143 226 3201 dibile
241 3152 293 3201 est
336 3143 473 3202 Veronae
492 3144 620 3215 inuenta,
634 3154 664 3202 et
680 3143 800 3220 quidem
815 3161 852 3202 ex
866 3143 941 3202 libro
954 3144 985 3201 in
999 3160 1059 3220 quo
1078 3161 1114 3201 ea
1132 3146 1251 3206 saeculo
1268 3165 1289 3207 x

139 3241 249 3318 legerat
264 3239 427 3312 Ratherius,
439 3242 620 3319 transcripta,
631 3241 752 3304 credidit
764 3239 931 3300 Schwabius
942 3249 971 3299 et
981 3252 1049 3317 post
1057 3259 1125 3300 eum
1134 3241 1190 3301 alii
1220 3243 1288 3316 Sed,

138 3350 170 3398 ut
185 3349 252 3397 ante
276 3340 344 3411 dixi,
359 3339 430 3397 nihil
444 3338 481 3398 de
496 3338 626 3398 Ratherii
643 3339 715 3397 libro
729 3339 888 3398 memoriae
902 3338 1037 3397 traditum
1052 3348 1104 3412 est,
1119 3357 1217 3417 neque
1231 3341 1288 3401 hoc

138 3439 199 3496 iure
221 3437 364 3513 colligitur
388 3456 425 3496 ex
448 3437 659 3513 epigrammate
681 3438 762 3513 quod
783 3437 820 3495 de
842 3438 964 3512 repertis
984 3436 1089 3496 Catulli
1110 3439 1288 3499 carminibus

138 3538 262 3612 scriptor
276 3536 379 3611 aliquis
393 3535 469 3595 circa
483 3535 596 3593 initium
611 3534 716 3593 saeculi
730 3535 778 3591 xiv
792 3534 868 3593 lecit.
910 3534 963 3593 Est
977 3545 1074 3594 autem
1088 3535 1154 3594 hoc.

185 3635 287 3692 Versus
305 3635 412 3692 domeni
427 3632 588 3690 Berruerruti
603 3633 634 3689 de
651 3631 843 3708 Campexanr's
856 3634 888 3690 de
910 3633 1032 3692 Vicencra
1046 3634 1078 3692 de
1090 3638 1289 3694 resurrectione

139 3730 252 3791 Catulli
255 3739 348 3809 poetae
366 3731 532 3790 Veronensis.

339 3842 393 3899 Ad
404 3844 531 3916 patriam
552 3842 631 3897 reema
652 3840 743 3916 longis
762 3842 794 3898 de
806 3841 916 3916 finibus
934 3843 1013 3913 exul,

383 3939 480 3998 Causa
502 3941 558 3996 mei
574 3941 679 3997 reditas
698 3942 878 4014 compatriota
887 3941 963 4017 suc't.

339 4036 454 4096 Scilicet
472 4058 490 4095 a
510 4039 627 4096 calamis
647 4037 749 4095 tribuit
765 4040 815 4094 cui
831 4037 959 4096 Francia
979 4058 1083 4111 maun,

382 4135 488 4211 Quique
508 4142 586 4194 notat
602 4137 699 4195 turbae
713 4140 914 4212 praetereuntis
934 4140 995 4198 iter.

341 4231 402 4304 Quo
422 4234 485 4291 ticet
502 4235 612 4311 ingemo
631 4241 752 4293 uestrum
773 4234 901 4293 celebrate
923 4235 1077 4308 Catullum,

381 4329 472 4391 Cusas
492 4333 542 4392 sud
563 4335 649 4392 madro
668 4334 764 4393 clausa
780 4343 905 4409 pomeriis
924 4341 993 4392 crat.
