2872 5002
484 366 847 429 PROLEGOMENA.
1199 365 1237 423 lxi

85 561 170 628 cepto
303 552 387 610 Idem
403 551 433 610 ni
448 552 556 611 facetus
571 562 615 611 est
628 557 653 611 a
668 552 698 610 in
712 551 806 611 faceto
820 569 885 610 rure
1008 569 1098 628 quom
1116 549 1240 627 coquitis

84 651 207 709 habietis
330 653 442 711 sibene
457 670 490 711 ae
505 653 590 711 beate
706 669 757 710 sex
772 650 906 710 sestercia
1022 651 1241 709 iuuenculorum

86 748 156 807 mihi
171 748 309 809 dedisses
324 749 423 822 Quam
437 751 483 809 isti
593 750 677 810 obice
692 750 833 828 eleuaque
944 748 1044 822 Quom
1059 749 1126 807 diua
1140 748 1242 806 mulier

88 861 157 901 aues
171 844 305 902 ostendit
319 846 474 903 oscitantes
592 846 722 903 satabum
839 853 945 921 tynnos
1057 843 1123 915 Que
1138 841 1242 900 nuncis

89 942 221 1000 oribilem
337 941 432 1000 habite
543 941 690 1001 sarcinolis
802 943 833 1000 in
847 942 951 1000 talibus
963 950 1042 1017 patet
1153 957 1243 1016 uerpa

89 1041 171 1100 Facti
185 1041 258 1099 esits
355 1041 410 1100 hec
424 1039 589 1099 uidebimus
604 1051 633 1098 et
648 1041 722 1099 seres
824 1042 958 1118 ydoneus
1061 1039 1116 1098 hec
1130 1040 1241 1098 uidebis

91 1158 129 1197 an
156 1157 265 1214 purum
294 1138 414 1199 elluatus
442 1149 486 1199 est
617 1138 708 1198 Hunc
733 1138 827 1198 Gallie
856 1141 936 1198 timet
964 1150 1038 1199 terra
1066 1149 1094 1197 et
1122 1137 1243 1196 britanie

93 1237 156 1295 lam
171 1236 298 1313 prodere
309 1237 368 1295 iam
382 1255 430 1295 me
444 1255 506 1295 non
521 1237 634 1295 dubitas
792 1237 935 1296 fallacium
1092 1236 1159 1296 Neu
1174 1235 1244 1312 quid

95 1333 202 1393 iaciant
215 1333 316 1392 dieunt
329 1334 465 1393 homines
581 1343 641 1394 tute
655 1334 776 1394 uidebas
897 1335 933 1393 ad
949 1346 999 1393 tua
1013 1336 1090 1394 dicta
1213 1343 1245 1391 ut

96 1433 135 1491 dii
148 1433 344 1490 meminerunt
423 1437 568 1508 neptunus
650 1431 743 1509 Oqui
757 1433 867 1492 solutus
950 1433 1105 1510 hipsithilla
1187 1448 1245 1488 neu

95 1530 182 1588 libeat
197 1530 249 1588 tibi
351 1548 371 1588 o
385 1528 484 1589 latona
586 1529 746 1606 Antiquam
842 1531 953 1589 Ambas
968 1531 1088 1590 iniciens
1190 1529 1245 1586 im-

97 1635 217 1703 potente
232 1644 333 1685 amore
449 1626 529 1685 Ham
544 1645 604 1702 quo
618 1638 750 1703 tempore
764 1627 831 1703 legit
846 1628 1005 1688 indotatem
1116 1627 1245 1686 Annales

97 1724 193 1783 uolusi
325 1722 473 1800 Collisque
494 1724 663 1783 amathunta
684 1743 800 1801 queque
821 1734 849 1783 et
869 1725 952 1801 palos
1078 1724 1245 1803 dyrachium

98 1823 263 1881 confutuire
351 1823 528 1898 scipionibus
612 1833 640 1881 et
654 1823 772 1899 quidem
786 1824 816 1882 id
831 1823 953 1901 dignum
967 1836 1012 1884 est
1100 1825 1246 1884 semitauri

98 1940 195 1999 neque
210 1922 373 1997 elegantem
387 1920 508 1979 arbitror
589 1938 692 1996 parcus
706 1923 808 1980 umber
889 1923 1013 1983 lauinius
1027 1943 1092 1983 acer
1174 1941 1246 2000 quo·

99 2021 169 2098 quid
199 2020 322 2096 quisque
349 2019 452 2077 minxit
479 2018 536 2077 hoc
565 2019 638 2079 solet
666 2021 720 2079 sibi
748 2039 834 2080 mane
987 2032 1081 2081 tusam
1109 2022 1246 2081 defricare

100 2121 128 2177 Α
143 2137 193 2176 me
207 2117 307 2176 anilla
390 2127 491 2193 rogate
506 2117 608 2191 Qualis
622 2119 659 2178 sit
674 2165 680 2178 .
696 2119 768 2179 solet
782 2120 836 2179 hec
926 2119 1091 2179 Iocundum
1104 2138 1151 2178 me
1166 2130 1247 2196 putat

101 2236 165 2277 esse
180 2214 285 2274 mecha
299 2214 389 2291 turpis
459 2214 506 2273 En
521 2227 608 2292 negat
622 2217 692 2275 mihi
706 2228 803 2277 uestra
874 2218 984 2276 olidum
998 2218 1119 2294 lupanar
1189 2216 1247 2276 Sed

101 2336 163 2376 non
177 2324 222 2374 est
236 2324 333 2373 tamen
347 2314 404 2374 hoc
419 2316 486 2374 satis
501 2316 661 2391 putandum
783 2315 947 2392 modusque
962 2317 1047 2375 nobis
1174 2316 1247 2374 sabi-

102 2433 174 2473 num
203 2413 345 2490 pinguore
503 2412 579 2470 Villa
607 2431 614 2471 ε
643 2413 698 2471 alia
726 2430 844 2490 quoque
872 2424 988 2489 pectore
1017 2413 1154 2490 expulsus
1183 2431 1248 2472 sum

102 2523 217 2572 ueretur
239 2529 322 2570 mens
422 2511 578 2587 peritorum
673 2511 745 2569 ultra
773 2521 925 2587 peccatum
1027 2494 1078 2569 sed
1096 2511 1134 2569 illi
1156 2512 1248 2569 sextio

103 2614 220 2671 Acmen
302 2611 414 2669 sinistra
428 2622 460 2668 ut
474 2621 540 2668 ante
554 2610 663 2668 Dextra
678 2611 797 2668 sternuit
811 2611 1022 2687 approbatione
1111 2629 1176 2668 mea
1190 2611 1250 2668 uita

106 2710 262 2788 Septimius
276 2708 322 2767 ille
383 2709 496 2766 sinistra
509 2718 541 2766 ut
555 2719 621 2767 ante
635 2709 745 2768 Dextra
760 2709 877 2768 sternuit
892 2709 1102 2785 approbatione
1171 2709 1250 2766 bona

105 2808 228 2885 profecti
349 2824 441 2864 unum
455 2807 605 2884 septimius
729 2806 878 2867 Iocundus
892 2807 999 2882 zephiri
1118 2805 1250 2883 Niceque

107 2905 249 2982 Pontique
264 2910 289 2964 a
304 2903 404 2963 Sicion
540 2905 691 2981 famesque
709 2907 809 2965 mendi
949 2906 979 2963 in
994 2906 1078 2964 triuio
1092 2907 1251 2964 uoratiores

107 3002 171 3061 Nec
186 3019 315 3077 unquam
330 3001 397 3059 inde
412 3011 490 3060 satur
503 3020 555 3061 cor
569 3014 612 3063 est
625 3003 753 3063 futurum
829 3002 920 3062 Hunc
935 3003 1030 3063 audax
1044 3022 1149 3064 caueas
1227 3005 1251 3063 si

108 3101 182 3177 phas
196 3110 239 3159 est
318 3099 387 3158 nibil
401 3110 445 3158 est
461 3118 596 3176 suprema
673 3102 807 3160 tintinant
884 3100 991 3161 Ocium
1005 3120 1088 3178 reges
1165 3101 1252 3161 Meos

108 3199 237 3258 cannina
258 3197 354 3256 saluus
472 3198 630 3257 Adminris
752 3199 777 3256 Ii
792 3199 891 3275 magni
906 3198 1099 3275 Salipontium
1113 3198 1252 3258 disertum

107 3298 155 3355 lre
169 3297 275 3355 rustice
370 3294 517 3371 despicere
531 3296 636 3355 uellem
731 3297 842 3355 sufficio
857 3298 970 3356 seniore
984 3298 1055 3357 otho
1151 3297 1213 3358 Oro
1229 3300 1253 3358 si

109 3397 159 3454 tibi
180 3395 252 3453 sorte
273 3411 334 3451 non
356 3393 511 3452 molestum
533 3405 576 3452 est
677 3394 868 3454 Demonstres
975 3407 1002 3455 te
1023 3397 1201 3472 quesiuimus
1223 3398 1253 3455 in

109 3497 221 3554 minore
235 3510 341 3568 campo
411 3494 516 3551 summi
531 3494 605 3552 iouis
674 3512 777 3552 sereno
842 3494 918 3554 Audi
934 3495 956 3554 si
971 3514 1028 3571 ego
1043 3506 1071 3555 te
1086 3497 1253 3571 flagitabam

111 3592 267 3666 Quendam
283 3591 394 3648 nudum
408 3609 465 3667 ego
481 3610 559 3651 nunc
572 3592 699 3651 reducite
714 3593 833 3669 inquam
938 3593 984 3651 En
999 3593 1046 3653 hic
1153 3593 1211 3651 Sed
1227 3605 1254 3653 te

110 3693 169 3749 iam
190 3690 248 3748 lere
270 3689 405 3747 Herculis
427 3689 509 3748 labos
531 3702 574 3749 est
588 3698 645 3747 tum
661 3689 732 3750 Non
755 3703 853 3750 custos
875 3709 931 3767 ego
954 3693 1046 3766 fingar
1067 3692 1113 3748 ille
1136 3691 1254 3749 Cretum

112 3790 182 3848 Non
196 3788 286 3846 bedas
300 3806 356 3863 ego
372 3788 541 3862 penniferue
618 3789 655 3848 Et
670 3790 857 3866 languoribus
872 3792 984 3848 acribus
1067 3790 1255 3865 Audatcrque

111 3891 223 3947 remitte
238 3886 323 3945 crede
338 3885 414 3943 lucet
518 3887 596 3944 Dum
611 3889 702 3946 nostri
717 3889 741 3946 si
756 3907 787 3946 es
802 3889 956 3964 participes
972 3888 1077 3946 amoris
1181 3887 1256 3945 Cris-

112 3996 225 4045 santem
308 3983 427 4040 Vrbana
445 3984 535 4044 latera
616 3986 731 4061 gemelli
749 3988 877 4063 utrisque
961 3986 1041 4044 Gluit
1058 3984 1257 4061 malignamini

113 4084 194 4141 rheni
277 4080 434 4156 sepulchris
517 4083 654 4143 deuoluto
670 4087 788 4159 exigue
872 4084 1043 4143 conderetur
1128 4083 1214 4142 Nunc
1229 4094 1257 4142 te

114 4182 198 4240 leena
282 4179 413 4261 supplic7
499 4185 637 4241 concines
714 4183 834 4241 tremula
913 4183 979 4240 iulia
994 4182 1092 4240 mallio
1160 4182 1259 4241 Nubet

115 4279 250 4339 Nutriunt
265 4280 294 4337 in
309 4282 431 4343 humore
530 4283 578 4341 Ad
593 4282 714 4340 domum
816 4280 870 4339 hac
885 4281 982 4339 ethac
1084 4281 1176 4357 magis
1192 4280 1260 4338 artis

115 4379 170 4439 Est
183 4379 325 4456 petendus
435 4382 481 4440 Te
496 4400 547 4440 sua
562 4382 585 4439 si
600 4381 728 4440 romulus
744 4397 848 4456 parens
958 4379 1112 4456 puellulam
1128 4379 1261 4439 Matrisa
