2872 5002
407 314 636 374 CARMINVM
665 315 857 376 CATVLLI.
1156 322 1214 378 283

69 496 135 537 eam
164 489 308 551 secuntur,
333 500 369 539 ex
399 484 574 559 comparatis
602 492 722 558 apparet
749 483 886 558 utrisque.
939 480 975 539 In
1003 501 1056 540 1-a
1086 482 1217 543 Catullus

68 578 160 634 amori
180 578 330 649 ualedieit;
352 579 382 636 in
402 597 446 649 12,
466 598 501 655 13
516 579 640 639 Lesbiae
655 579 739 658 (Vale
749 578 874 657 puella);
897 580 927 636 iri
949 582 1006 654 3-8
1026 582 1218 640 reminiscitur

68 675 225 751 uoluptatis
250 695 317 735 cum
342 677 451 736 Lesbia
477 688 577 746 actae3
610 680 639 736 in
667 698 762 754 14-19
784 690 940 737 uenturum
963 678 1094 737 dolorem
1122 680 1218 738 eidem

68 774 247 833 uaticinatur.
291 775 393 853 Itaque
408 777 496 835 totius
511 778 648 836 canninis
662 783 752 851 σχῆμα
766 788 797 835 ut
812 796 830 835 a
843 795 891 835 me
909 786 937 835 et
952 775 1078 835 Frankio
1093 777 1218 854 singilla-

67 872 119 928 tim
135 874 324 932 constitutum
339 885 392 945 est,
406 875 575 934 huiusmodi
590 876 642 934 erit
660 895 674 933 2
693 894 753 951 33.
772 894 797 949 3.
816 894 830 932 a
849 893 894 950 33.

110 987 143 1047 C.
159 987 233 1044 XIV
247 988 388 1048 Frankius
405 990 446 1048 sic
461 989 598 1048 describit
613 991 692 1064 3÷8
709 994 756 1060 48.
800 988 890 1061 Quod
904 988 971 1048 ideo
986 1007 1047 1046 non
1062 989 1217 1064 probarim,

67 1086 136 1161 quia
158 1106 212 1145 nec
234 1089 317 1163 primi
340 1098 397 1147 tres
418 1107 519 1146 uersus
540 1087 599 1146 ullo
621 1088 712 1146 modo
738 1097 908 1164 separantur
928 1107 945 1146 a
970 1088 1167 1164 sequentibus,
1189 1099 1218 1146 et

67 1185 171 1244 melius
199 1186 318 1262 epodon
346 1186 474 1246 tacerent
498 1195 557 1245 tres
584 1187 684 1246 ultimi.
741 1185 921 1263 Quanquam
948 1203 986 1245 ne
1010 1185 1069 1244 hoc
1098 1186 1216 1262 quidem

67 1284 198 1342 admitto.
240 1283 294 1342 Est
314 1285 392 1344 enim
414 1304 531 1344 carmen
553 1304 589 1343 ex
611 1285 645 1343 iis
667 1302 741 1361 quae
765 1285 795 1342 in
821 1284 918 1343 medio
943 1282 1051 1343 habent
1075 1301 1137 1343 rem
1161 1285 1218 1360 pri-

67 1384 206 1439 mariam:
229 1401 316 1458 quem
331 1383 429 1442 locum
437 1383 484 1443 hic
499 1394 579 1443 tenet
589 1383 638 1442 Di
647 1383 917 1460 maguilrorridileu
928 1390 955 1440 et
964 1401 1075 1441 sacrum
1087 1383 1216 1455 labellum,

67 1482 200 1538 uersibus
210 1481 334 1538 undenis
345 1482 477 1558 utrinque
490 1481 647 1540 collocatis.
679 1481 793 1540 Priores
806 1480 915 1539 cadunt
925 1482 956 1538 in
965 1499 1033 1555 344,
1042 1482 1218 1557 posteriores

68 1590 118 1637 aut
139 1580 169 1636 in
187 1594 244 1653 353
267 1590 316 1638 aut
330 1579 410 1656 quod
432 1581 526 1656 magis
547 1581 641 1656 probo
658 1599 725 1655 443.
768 1580 857 1638 Amat
878 1579 956 1637 enim
972 1578 1102 1639 Catullus
1123 1598 1218 1640 nouas

66 1680 206 1751 περικοπὰς
225 1696 242 1735 a
259 1678 404 1736 uocabulo
419 1676 499 1736 Nam
513 1678 649 1754 incipere,
664 1687 696 1736 ut
710 1677 763 1735 VI.
780 1680 808 1748 6,
823 1676 892 1735 XII.
911 1696 955 1749 14,
971 1676 1056 1736 XIII.
1075 1696 1120 1749 11,
1135 1677 1218 1738 XVI.

68 1790 97 1848 5,
126 1774 249 1833 XXXV.
280 1790 306 1849 5,
330 1774 471 1833 XXXVI.
501 1795 528 1849 3,
551 1774 659 1834 XLIV.
687 1794 731 1846 10,
756 1773 865 1834 LXIV.
891 1776 937 1848 76,
965 1789 1030 1849 105,
1058 1789 1123 1849 177,
1148 1778 1217 1851 366,

68 1873 210 1932 LXVIII.
229 1872 295 1951 (51)
309 1871 377 1952 (89)
397 1871 491 1952 (119),
511 1872 648 1932 LXXVI.
672 1887 698 1948 7,
718 1872 844 1932 XCVII.
867 1888 894 1945 5,
912 1871 1021 1931 XCIX.
1047 1886 1072 1946 7.
1115 1874 1217 1952 Itaque

68 1991 187 2030 uersum
201 1972 269 2032 Nau
290 1991 343 2030 nan
363 1973 413 2030 troc
433 1972 488 2029 tibi
504 1973 576 2029 salse
596 1973 636 2029 se'c
656 1973 744 2030 adibit
762 1981 895 2048 quartum
917 1970 993 2029 facio
1013 1978 1151 2044 περικοπῆς
1167 1979 1216 2040 Ββ.

68 2069 156 2128 Certe
177 2070 355 2146 singularum
374 2077 518 2143 περικοπῶν
532 2071 605 2127 mira
626 2070 667 2129 sle
688 2069 808 2128 efficitur
829 2069 990 2144 responsio,
1007 2087 1074 2127 cum
1089 2080 1215 2139 sazau,

68 2172 200 2238 Afiznfi,
217 2179 343 2242 s7=ssy,
360 2187 415 2227 nec
430 2185 553 2226 numero
569 2167 664 2226 solum
679 2166 731 2225 sed
746 2166 834 2225 etiam
848 2184 879 2224 re
894 2166 1120 2227 concinentium.

110 2281 143 2341 C.
159 2282 246 2339 XXV
260 2283 290 2340 in
311 2283 409 2341 medio
430 2280 518 2341 habet
539 2281 646 2340 furtum
668 2281 765 2339 Thalli
786 2277 891 2358 (6-8);
920 2279 975 2340 hos
996 2282 1175 2357 praecedunt
1197 2305 1214 2360 3

67 2398 170 2438 uersus
191 2382 221 2438 in
249 2381 354 2457 quibus
383 2380 530 2451 cinaedus,
554 2399 569 2436 2
593 2379 749 2455 inquibus
776 2377 822 2435 fur
846 2378 948 2437 dicitur
969 2382 1178 2456 conparatione
1199 2402 1217 2441 a

67 2479 196 2555 procella
210 2479 317 2551 ducta3
339 2489 400 2536 tum
415 2489 482 2554 post
497 2489 555 2536 tres
570 2479 682 2554 ἐνμέσῳ
696 2487 832 2536 secuntur
847 2474 953 2555 (9-11)
966 2478 1133 2538 minitantes
1148 2498 1216 2557 sup·

67 2577 197 2653 plicium,
218 2597 233 2634 2
255 2580 316 2655 (η,
340 2575 389 2655 13)
408 2577 616 2653 conparatione
637 2594 655 2633 a
677 2576 745 2633 naui
766 2575 863 2633 ducta.
907 2574 986 2634 Nihil
1007 2575 1065 2637 hoc
1086 2579 1216 2638 carmine

67 2676 241 2733 concinnius
256 2676 279 2733 si
294 2676 418 2753 partium
432 2674 593 2750 respexeris
607 2673 856 2750 aequabilitatem;
879 2678 968 2746 σχῆμα
979 2684 1050 2750 est3
1063 2695 1077 2734 a
1089 2721 1095 2733 .
1108 2696 1145 2751 3.
1158 2697 1174 2753 3
1189 2699 1214 2738 a.

66 2772 106 2831 Et
126 2774 167 2832 sic
188 2773 329 2832 Franlrius
350 2773 405 2832 nisi
426 2774 508 2850 quod
530 2787 548 2847 5
570 2773 650 2849 quod
671 2772 805 2850 utrinque
829 2783 885 2832 stat
907 2790 968 2830 non
993 2773 1096 2832 iterum
1120 2774 1151 2832 in
1177 2796 1213 2852 32

65 2872 194 2930 resoluit.

10 2993 20 3017 ·
108 2986 143 3045 C.
158 2985 257 3046 XLIV
271 2988 345 3046 miro
366 2997 394 3046 et
409 2987 491 3064 quasi
510 2997 698 3065 praepostero
720 2987 840 3046 artificio
855 2987 894 3046 ita
916 2992 1070 3065 conposuit
1084 2990 1216 3052 Catullus

66 3097 98 3145 ut
113 3087 225 3144 numeri
246 3087 343 3145 eidem
364 3095 492 3145 essenta
514 3085 571 3144 fine
592 3087 822 3162 regredientibus
843 3087 880 3145 ad
900 3087 1012 3146 initium
1033 3090 1083 3166 qui
1105 3091 1216 3152 fuerant
1236 3090 1240 3099 ’

66 3186 105 3243 ab
125 3185 207 3244 initio
227 3185 474 3262 progredientibus
493 3184 530 3243 ad
544 3185 642 3244 finem.
685 3185 817 3245 Medium
836 3194 937 3244 tenent
953 3206 969 3262 3
985 3206 1094 3260 uersus,
1109 3192 1215 3267 quibus

66 3292 197 3341 narratur
211 3283 241 3341 id
259 3283 340 3360 quod
359 3285 550 3360 praecipuum
568 3293 612 3343 est
633 3284 777 3356 carminis,
793 3283 939 3344 Catullum
961 3286 1036 3345 Sesti
1053 3290 1215 3348 orationem

65 3381 180 3456 legisse.
223 3381 342 3441 Tussim
357 3391 386 3441 et
400 3382 589 3459 grauedinem
609 3382 678 3442 hinc
698 3393 776 3442 ortas
792 3398 808 3457 5
825 3385 956 3443 uersibus
975 3386 1216 3461 praecedentibus

66 3479 152 3551 dicit;
181 3480 283 3538 harum
305 3482 465 3540 remedium
487 3482 675 3558 sequentibus
696 3483 843 3559 quinque;
876 3502 994 3543 cannen
1019 3493 1050 3541 ut
1075 3485 1216 3561 incipiunt

66 3586 211 3653 quattuor,
226 3579 267 3637 sic
283 3590 418 3658 quattuor
436 3579 582 3639 claudunt.
625 3584 713 3653 Σχῆμα
733 3581 820 3658 igitur
836 3581 893 3641 hoc
910 3589 954 3641 est
970 3595 1077 3656 45354.
1121 3583 1158 3642 Et
1173 3586 1214 3645 sic

64 3676 215 3735 Frankius

107 3791 252 3850 Carminis
267 3792 365 3851 XLVI
387 3793 509 3870 simplex
527 3793 721 3855 conformatIo
743 3812 837 3871 353.
881 3795 997 3857 Medios
1017 3813 1033 3872 5
1055 3816 1155 3858 uersus
1173 3800 1214 3859 sic

63 3889 166 3950 diuidit
183 3910 238 3948 212
683 3899 685 3903 ’

308 4007 492 4082 Lzuquautur
512 4009 645 4086 Phrygii,
671 4008 789 4081 Catulle,
810 4012 904 4086 campi

310 4105 482 4181 Nicaeaeque
502 4127 572 4185 ager
592 4108 659 4166 uber
679 4115 824 4166 aestuosae.

348 4205 400 4262 Ad
416 4206 511 4264 claras
532 4207 619 4264 Assae
639 4209 759 4264 ualemus
779 4205 868 4263 urbes.

309 4301 374 4361 Iam
395 4323 469 4362 mens
486 4306 696 4381 praetrepidans
716 4311 781 4362 auet
798 4308 913 4381 uagari,

309 4399 375 4459 Iam
397 4404 464 4461 laeti
479 4405 570 4463 studia
584 4405 665 4480 pedes
685 4405 833 4481 urgaeescunt.
