2872 5002
417 385 647 447 CARMINVM
679 384 869 445 CATVLLI.
1209 390 1268 446 2³5

15 553 89 615 Epod.
645 554 720 616 Epod.

32 637 89 697 IX.
122 643 160 713 38
184 637 269 698 Dulci
284 638 382 716 Lyaeo
397 639 511 698 soluere
526 638 557 694 ·7
570 628 584 642 ’
691 637 745 697 XI.
769 640 786 695 6
809 637 888 698 si1uis
902 636 1046 696 honorem
1061 635 1169 695 decutit
1178 634 1210 692 ·7

54 738 94 799 X.
139 757 156 809 4
180 740 287 796 Auster
301 746 449 796 memento
464 737 603 817 fluctibus
611 737 640 794 ·7
750 755 786 810 14
808 753 915 796 aroana
929 744 1079 811 promorat
1092 734 1160 795 loco
1176 735 1206 793 ·7

141 839 159 894 8
182 835 299 912 Frangit
314 844 471 895 trementes
486 835 564 895 ilices
578 833 609 892 ·7
752 838 788 894 18
810 844 919 894 certare
933 845 1098 893 summotus
1112 833 1208 910 pudor
1223 833 1254 890 ·7

123 951 160 991 ιο
181 932 250 1005 Qua
264 935 350 993 tristis
371 932 465 994 Orion
480 934 556 994 cadit
571 933 601 991 ·7
750 952 785 992 aa
808 933 925 992 lumbos
938 941 968 991 et
981 930 1085 1007 infregi
1099 930 1174 991 latus
1185 931 1217 988 ·7

125 1049 161 1103 14
183 1031 219 1090 In
234 1032 353 1108 impiam
368 1032 467 1091 Aiacis
480 1041 571 1090 ratem
586 1030 617 1090 ·7
749 1034 786 1090 26
808 1048 864 1090 nec
878 1029 1072 1090 contumeliae
1086 1048 1190 1107 graues
1204 1029 1236 1087 ·7

124 1148 163 1188 20
185 1129 265 1189 Noto
280 1131 407 1190 cannam
416 1132 530 1208 mperit
544 1130 574 1188 ·7
747 1134 784 1189 28
806 1129 927 1206 longam
935 1127 1103 1188 renodantis
1113 1145 1230 1188 comam
1237 1124 1268 1183 ·7

15 1227 77 1286 XI.
147 1246 163 1285 2
186 1246 285 1288 amore
300 1247 471 1307 percussum
487 1229 570 1306 graui
581 1228 611 1286 ·7

53 1445 147 1505 Haec
169 1447 192 1505 si
214 1466 281 1506 cum
298 1448 488 1508 incisionibus
508 1466 663 1525 compares
683 1447 866 1525 Epodorum,
887 1464 1100 1525 nonnunquam
1122 1462 1159 1504 ex
1180 1453 1270 1521 parte,

10 1563 234 1623 nonnunquam
255 1547 378 1606 omnino
398 1565 466 1606 cum
486 1546 532 1606 his
554 1565 716 1624 congmere
737 1546 905 1623 intelleges;
929 1562 1141 1622 nonnunquam
1163 1543 1272 1602 discre-

10 1655 97 1723 pant,
117 1644 236 1755 saepius
257 1646 358 1721 paucis
380 1655 492 1704 tantum
514 1664 530 1705 e
552 1646 649 1706 multis
671 1655 739 1705 sunt
759 1645 930 1722 adscriptae.
972 1643 1051 1704 Nam
1071 1645 1102 1703 in
1120 1641 1165 1702 VI
1183 1648 1273 1717 σχῆμα

10 1770 58 1821 22ι
76 1743 148 1831 442,
171 1741 219 1832 42,
235 1757 329 1816 codex
344 1766 446 1816 notam
465 1757 545 1817 addit
561 1768 629 1834 post
644 1774 783 1817 numeros
803 1758 853 1816 ubi
875 1758 982 1834 stigma
1002 1759 1145 1836 apposuI;
1167 1759 1197 1817 in
1211 1757 1272 1817 VII

10 1875 108 1945 σχῆμα
123 1879 168 1929 22ι
182 1857 249 1942 442,
267 1855 335 1940 244,
349 1868 443 1926 codex
465 1878 566 1927 notam
586 1880 630 1927 ter
649 1868 737 1927 habet
759 1868 808 1927 ubi
829 1869 1007 1978 apponenda
1027 1881 1097 1942 erat,
1111 1870 1203 1930 semel
1223 1870 1273 1929 ubi

10 2001 80 2042 non
103 1980 237 2040 inciditur
256 1989 373 2056 postu.
400 1998 453 2051 143
479 1980 509 2038 in
528 1978 606 2037 VIII
626 1983 717 2053 exiro
737 1990 781 2039 est
804 1999 871 2054 244,
894 1963 963 2052 442,
986 1982 1081 2040 codex
1092 1978 1122 2038 ·7
1141 1979 1274 2058 adpingit

10 2081 136 2140 duabus
156 2078 259 2138 mediis
278 2081 434 2151 περικοπαῐι,
449 2087 598 2182 praeterea
618 2088 645 2143 ÷
665 2078 714 2136 ubi
729 2097 846 2138 carmen
860 2080 890 2138 in
905 2079 964 2138 duo
978 2079 1096 2139 dimidia
1117 2079 1273 2151 scinditur;

10 2193 42 2252 iu
60 2190 110 2249 IX
126 2199 219 2248 toturn
233 2193 322 2262 σχῆμα
335 2197 379 2246 est
394 2172 442 2261 64,
458 2169 505 2262 64,
522 2172 570 2262 24,
587 2207 634 2262 24,
650 2176 707 2262 42:
729 2188 824 2248 codex
838 2200 938 2249 notam
952 2189 1040 2249 habet
1053 2199 1122 2266 post
1136 2206 1274 2248 numeros

10 2303 129 2382 quibus
149 2302 256 2377 stigma
276 2298 409 2378 adposui,
424 2310 535 2377 etpost
553 2317 581 2357 u.
600 2304 636 2359 18
658 2300 708 2359 ubi
725 2317 787 2360 non
808 2300 982 2360 inciditur·'
976 2319 1005 2358 m
1021 2299 1049 2357 X
1064 2304 1152 2374 σχῆμα
1165 2313 1209 2362 est
1224 2285 1272 2377 4.4

11 2400 65 2490 24.
83 2398 164 2489 42.,4
186 2415 280 2474 codex
299 2425 401 2475 notam
421 2415 502 2475 addit
521 2426 553 2474 ut
573 2416 715 2475 indicaui:
745 2414 789 2474 XI
805 2420 894 2489 σχῆμα
907 2416 994 2475 6262ι
1009 2399 1078 2489 644,
1094 2397 1162 2490 446,
1177 2418 1294 2478 codex*

11 2526 122 2576 notam
137 2512 217 2574 addit
230 2523 259 2573 et
272 2514 302 2572 in
316 2512 389 2573 locis
403 2513 536 2574 indicatIs
553 2513 696 2591 stigmate,
710 2524 739 2574 et
754 2522 822 2590 post
835 2531 935 2574 uersus
953 2533 978 2586 2,
996 2516 1043 2586 26,
1058 2516 1136 2575 unde
1151 2516 1273 2578 fortasse

14 2614 153 2675 conicias
167 2612 235 2671 olim
251 2613 375 2688 primam
386 2613 526 2687 περιωπήν
538 2613 569 2671 in
587 2632 633 2686 24,
647 2611 777 2671 ultimam
791 2612 821 2670 in
837 2630 874 2684 42
891 2612 1073 2673 distributam
1087 2613 1182 2675 fuisse.
1215 2616 1274 2676 Sed

17 2731 88 2774 cum
103 2723 175 2772 nota
189 2729 250 2770 non
270 2711 302 2769 in
323 2710 398 2771 OdIs
411 2720 524 2770 tantum
538 2720 567 2770 ct
581 2711 695 2788 Epodis
708 2720 842 2784 recurrat,
858 2710 909 2770 sed
926 2713 1013 2771 etiam
1034 2713 1064 2772 in
1086 2712 1186 2773 Satiris
1204 2715 1274 2793 Epi·

19 2812 171 2887 stulisque,
186 2809 255 2868 nihil
270 2809 374 2869 certius
388 2808 425 2868 de
439 2827 474 2868 22
488 2809 687 2871 asseuerarim.

61 2911 99 2969 In
114 2908 217 2969 codiee
232 2908 393 2986 Reginensi
408 2907 467 2967 duo
481 2908 566 2983 signa
580 2917 647 2967 sunt
661 2925 737 2986 quae
753 2908 812 2968 huc
833 2907 972 2975 trahenda
995 2909 1116 2971 fortasse
1137 2912 1275 2974 duxeris:

21 3010 102 3086 prius
117 3009 148 3065 ·7
166 3007 213 3066 uel
229 3005 250 3081 ‘7
267 3007 361 3067 simile
376 3005 545 3078 Harleiano,
560 3006 682 3066 alterum
696 3032 751 3080 ss.
793 3006 832 3066 Et
846 3017 878 3074 '7
891 3009 1062 3087 plemmque
1076 3011 1116 3069 ibi
1130 3011 1276 3071 inuenitur

21 3107 71 3165 ubi
94 3106 215 3183 stropha
235 3115 373 3182 quattuor
386 3120 524 3163 uersuum
545 3103 635 3163 finem
655 3104 741 3163 simul
761 3121 829 3163 cum
850 3107 995 3165 sententia
1016 3109 1112 3186 capit:
1136 3128 1204 3169 nam
1225 3112 1275 3170 ubi

22 3222 127 3262 sensus
150 3204 342 3274 continuatur,
364 3219 426 3260 non
448 3209 534 3260 extat.
578 3201 626 3261 Sic
648 3202 679 3260 in
704 3202 726 3261 I.
753 3219 788 3278 13
816 3202 889 3262 Cum
912 3211 942 3262 lu
967 3203 1061 3280 Lydrir
1085 3207 1198 3285 Telephi
1215 3204 1275 3287 quo

22 3302 136 3361 nullum
150 3299 256 3359 Horati
270 3317 390 3359 carmen
404 3301 511 3359 certius
530 3300 561 3357 in
582 3297 717 3376 strophas
739 3310 947 3377 quaternorum
968 3321 1104 3363 uersuum
1126 3306 1277 3366 dIstributa

22 3411 75 3470 est,
101 3408 181 3457 extat
203 3398 261 3458 602
286 3399 404 3475 signum
426 3408 494 3473 post
518 3418 545 3469 4,
568 3400 595 3469 8,
622 3415 673 3470 123
704 3398 735 3456 in
758 3398 814 3457 III.
837 3423 855 3477 9
878 3418 953 3478 quae
975 3401 1192 3479 Antapodotice
1214 3406 1275 3463 siue

23 3497 141 3556 alternis
155 3505 272 3556 cantata
286 3497 395 3569 dicitur,
411 3507 479 3572 post
495 3515 522 3568 4,
538 3499 565 3566 8,
585 3514 630 3564 ι2,
650 3496 714 3567 16¹,
735 3515 796 3555 non
817 3498 888 3557 item
907 3509 976 3576 post
994 3519 1040 3572 ao,
1057 3519 1102 3572 24.
1144 3499 1180 3558 In
1198 3501 1221 3560 1.
1240 3504 1275 3560 18

21 3595 154 3667 Nullam,
177 3595 257 3668 Vere,
272 3608 363 3667 sacra,
379 3597 433 3653 urle
442 3597 527 3670 prius
540 3597 644 3653 seueris
657 3595 787 3654 arborem
809 3598 938 3673 positum
957 3609 1002 3657 est
1016 3610 1084 3675 post
1098 3617 1145 3658 uu.
1162 3619 1189 3671 2,
1205 3620 1232 3673 4,
1248 3611 1277 3659 et

22 3703 92 3771 post
112 3693 257 3753 Debellala
271 3694 302 3751 in
316 3712 344 3752 ιι.
361 3715 389 3769 9,
403 3694 493 3753 credo
508 3694 577 3771 quia
598 3695 741 3753 sententIa
763 3694 901 3772 strophae
921 3695 961 3755 ibi
982 3695 1102 3755 demum
1124 3699 1278 3758 terminata

21 3802 68 3852 est
80 3812 89 3865 ς
110 3811 179 3851 narn
201 3794 289 3851 etiam
311 3791 382 3850 alias
403 3792 445 3852 sic
466 3793 607 3869 scriptum
628 3793 752 3870 repperi,
774 3793 854 3853 uelut
874 3794 905 3852 in
927 3793 983 3853 III.
1009 3810 1053 3870 17.
1077 3815 1095 3869 9
1117 3807 1185 3873 post
1206 3795 1279 3856 Late

20 3899 170 3968 tyrannus.
193 3890 252 3949 Sed
266 3890 303 3949 de
319 3890 373 3950 hac
389 3900 460 3948 nota
474 3889 607 3948 nondum
622 3892 690 3949 satis
704 3891 865 3969 quidquam
880 3892 1022 3969 explorati
1037 3893 1148 3952 habeo:
1164 3904 1277 3953 tanturn

21 3989 120 4048 iudico
148 3989 298 4047 metricam
327 3988 425 4058 luisse,
453 3988 520 4047 licet
549 4006 611 4047 non
640 3989 735 4049 desint
760 4009 834 4067 quae
867 3999 970 4051 contra
998 3991 1074 4051 hanc
1103 3995 1277 4053 sententiam

23 4098 111 4147 stent

329 4234 337 4262 ¹
354 4235 429 4282 Etiam
442 4235 513 4284 altera
525 4244 579 4283 nota
589 4247 613 4292 ,Λ
623 4238 726 4298 apposita
737 4244 772 4284 cst
784 4236 885 4284 uersibus
900 4249 921 4293 1,
936 4247 973 4299 ιγ.
