2872 5002
486 356 736 425 CARMEN
769 357 934 425 LXVIII.

269 547 501 631 Conscriptum
524 548 587 613 hoc
609 548 752 613 lacrimis
774 549 880 613 mittis
901 547 1100 632 epistolium,

225 661 433 743 Naufragum
456 670 493 724 ut
515 662 655 725 eiectum
678 661 908 743 spumantibus
930 660 1082 742 aequoris
1104 657 1201 721 undis

270 772 450 836 Subleuem
474 782 506 836 et
529 793 549 835 a
573 775 686 836 mortis
708 772 822 836 limine
845 772 1024 848 restituam,

225 884 335 966 Quem
359 904 466 965 neque
488 893 602 947 sancta
623 884 737 947 Venus
761 885 852 947 molli
875 884 1077 966 requiescere
1098 901 1215 945 somno
1272 903 1286 955 5

270 995 446 1058 Desertum
470 995 502 1057 in
526 994 611 1058 lecto
634 994 759 1059 caelibe
782 996 971 1078 perpetitur,

227 1106 299 1170 Nec
322 1117 469 1169 ueterum
492 1106 580 1170 dulci
603 1108 797 1190 scriptorum
821 1108 965 1170 carmine
988 1106 1106 1169 Musae

271 1216 460 1295 Oblectant,
483 1238 558 1281 cum
583 1238 676 1280 mens
698 1219 799 1281 anxia
823 1217 1006 1301 peruigilat,

227 1327 267 1391 Id
290 1337 421 1410 gratum
444 1337 494 1391 est
518 1328 608 1406 mihi,
633 1349 687 1392 me
709 1329 867 1410 quoniam
891 1328 950 1392 tibi
973 1328 1055 1393 dicis
1077 1326 1229 1406 amicum,

139 1617 190 1669 Sed
205 1616 323 1684 quomodo
335 1618 361 1669 in
374 1635 421 1669 uno
439 1619 552 1669 carmine
570 1617 664 1670 caelebs
677 1617 742 1670 idem
757 1618 865 1671 Mallius
878 1635 1017 1685 amansque
1034 1617 1147 1669 elicitur!
1183 1615 1288 1669 Necesse

138 1699 176 1742 est
188 1688 242 1739 alio
254 1698 361 1755 tempore
372 1689 567 1755 scriptosfuisse
582 1704 649 1752 1-40
665 1687 716 1740 alio
730 1687 806 1757 (155)
822 1698 847 1740 et
864 1690 908 1756 qui
923 1707 980 1742 eum
998 1700 1123 1741 secuntur.
1159 1685 1224 1739 Dico
1242 1704 1287 1738 sex

134 1769 292 1827 postremos5
321 1758 365 1810 sed
382 1769 472 1810 ceteros
495 1757 624 1825 41-(154)
646 1759 728 1811 eodem
749 1771 857 1828 tempore
881 1777 937 1813 cum
961 1759 1002 1811 his
1026 1759 1131 1826 scriptos
1146 1759 1233 1824 fuisse
1255 1775 1287 1808 ex

141 1825 299 1895 (91)-(100)
322 1829 421 1880 conicio.
463 1829 509 1880 Bis
528 1831 594 1881 enim
616 1829 681 1881 idem
700 1848 748 1882 non
767 1829 871 1883 dixisset
892 1830 979 1882 iisdem
999 1828 1081 1882 uerbis
1102 1830 1152 1881 nisi
1174 1829 1287 1895 spatium

139 1900 258 1967 temporis
271 1900 456 1952 intercessisset.
492 1900 580 1967 Itaque
592 1900 706 1968 priorem
720 1911 824 1968 partem
842 1902 965 1952 carminis
982 1898 1092 1952 Veronae
1103 1900 1213 1966 scripsit,
1225 1897 1286 1951 dum

140 1971 232 2021 recenti
243 1969 325 2020 adhuc
334 1970 404 2022 luctu
407 1971 528 2036 fratrem
538 1979 650 2021 maeret:
667 1971 779 2022 alteram
792 1971 953 2038 aliquantum
961 1981 1056 2038 postea,
1060 1971 1180 2037 fortasse
1191 1967 1288 2020 Romae

139 2038 183 2092 ubi
193 2041 344 2106 scriptorum
356 2041 425 2109 copia
438 2057 527 2092 usurus
539 2051 605 2104 erat,
619 2041 718 2108 qualem
726 2041 843 2110 poscebat
856 2041 954 2109 longior
964 2052 1039 2107 atque
1050 2039 1173 2093 eruditior
1175 2037 1286 2104 sabula.

140 2109 296 2177 Comparari
308 2120 389 2179 potest
407 2111 475 2163 Stat.
494 2111 558 2163 Sila.
577 2111 654 2174 1154·
671 2113 739 2163 cuius
756 2113 800 2181 qui
816 2113 843 2164 in
859 2112 961 2164 exordio
979 2122 1050 2164 stant
1070 2110 1181 2162 undecim
1200 2126 1288 2162 uersus

139 2182 276 2245 manifesto
285 2191 342 2248 post
354 2180 459 2249 reliquos
471 2183 560 2249 scripti
571 2192 638 2234 sunt.

176 2249 231 2302 Nec
243 2250 352 2303 multum
364 2251 492 2303 haeresin
504 2253 638 2304 coniunctis
651 2252 791 2305 nominibus
800 2254 946 2322 gentilitiis.
978 2251 1050 2305 Nam
1063 2248 1197 2319 uulgatum
1200 2250 1288 2316 fuisse

135 2322 270 2390 praecipue
280 2321 350 2390 apud
366 2321 470 2373 Sabinos
483 2332 511 2374 ut
522 2324 625 2374 nomina
642 2320 691 2375 duo
700 2324 803 2388 ferrent
816 2323 904 2392 patris
922 2323 1042 2384 alterum,
1060 2322 1173 2374 alterum
1192 2321 1286 2372 matris

138 2403 239 2444 constat
250 2411 283 2443 ess
296 2393 355 2443 lissi
367 2391 506 2444 XXXIX.
522 2408 563 2457 13,
579 2407 620 2457 17,
632 2394 702 2460 apud
717 2411 788 2461 quem
797 2394 873 2461 filius
886 2393 1009 2445 Pacullae
1021 2394 1120 2444 Miru'ae
1133 2390 1250 2454 Sabinae,
1262 2400 1287 2442 et

139 2462 258 2526 Cerrinii,
271 2463 368 2514 Minius
387 2462 516 2515 Cerrinius
534 2473 636 2516 uocatus
654 2474 701 2516 est.
737 2464 858 2516 Eiusdem
873 2465 973 2532 generis
991 2475 1050 2515 sunt
1070 2463 1156 2514 Attius
1175 2460 1287 2525 Nauius,

139 2533 269 2585 Minatius
288 2532 404 2601 Magius,
423 2534 527 2585 Marius
546 2535 684 2602 Egnatius,
703 2535 797 2587 Herius
815 2535 931 2597 Asinius,
951 2533 1049 2586 Statius
1069 2532 1174 2595 Gellius,
1196 2530 1287 2598 Ofilius

140 2601 272 2666 Calauius,
285 2604 407 2670 Papinius
420 2604 526 2656 Statius.
563 2605 716 2672 Quanquam
730 2607 814 2673 potuit
826 2605 904 2655 etiam
916 2604 994 2656 aliter
1006 2621 1046 2655 res
1058 2601 1177 2670 expediri.
1214 2600 1287 2652 Nam

139 2683 170 2726 ut
182 2673 215 2741 Q.
230 2673 337 2738 Gauius,
356 2673 396 2724 M.
410 2674 487 2726 Caius
505 2674 532 2726 in
550 2675 632 2727 eodem
651 2676 724 2727 titulo
742 2677 903 2744 reperiuntur
919 2673 990 2743 apud
1006 2672 1155 2725 Mommsen.
1169 2672 1288 2739 inscript.

142 2759 220 2808 1190,
233 2754 261 2797 ut
273 2755 374 2811 uterque
385 2742 466 2796 locum
474 2755 663 2813 praeposterum
675 2745 767 2798 habere
779 2745 914 2811 uideatur5
931 2762 992 2796 nam
1007 2743 1105 2796 Gauius
1117 2742 1188 2794 initio
1199 2760 1286 2794 nomen

137 2824 197 2867 erat
206 2814 370 2882 gentilicium,
383 2815 448 2882 quod
453 2825 542 2883 postea
548 2827 701 2883 praenomen
705 2815 812 2880 fartum
824 2825 863 2867 est
873 2827 897 2868 et
908 2816 935 2867 in
947 2815 1025 2867 Gaius
1035 2816 1208 2875 immutatum,
1221 2830 1288 2865 nunc

139 2887 227 2937 instar
239 2884 313 2936 babet
325 2886 431 2936 nominis
440 2886 564 2953 gentilitii
571 2905 580 2950 ,·
598 2895 626 2938 ut
637 2886 713 2939 iuxta
725 2904 751 2938 se
761 2896 832 2938 stant
845 2886 873 2939 C.
888 2884 994 2952 Valgius
1007 2884 1100 2951 Rufus,
1113 2883 1141 2936 C.
1154 2883 1287 2951 Quinctius

141 2955 259 3023 Valgus,·
277 2953 305 3006 G.
317 2956 428 3007 Licinius
448 2955 523 3017 Stolo,
536 2955 575 3006 Μ.
589 2957 694 3009 Porcius
713 2957 816 3008 Licinus
836 2954 960 3023 (Licinius
968 2954 1000 3023 l),
1019 2955 1051 3007 L.
1064 2953 1171 3018 Brutus,
1191 2953 1219 3006 C.
1233 2955 1286 3004 Lu·

140 3027 214 3091 (ἕως
230 3024 313 3077 eodem
325 3025 397 3077 modo
407 3044 439 3077 ex
447 3026 576 3092 gentilicio
586 3028 695 3091 factum
713 3036 750 3078 est
762 3037 915 3095 praenomen
927 3028 979 3080 siue
992 3025 1078 3079 Allius
1097 3026 1150 3077 siue
1167 3024 1288 3077 Mallius.

140 3095 175 3148 Vt
188 3106 216 3148 ut
228 3113 254 3146 se
266 3113 305 3147 res
317 3095 393 3147 habet
404 3095 528 3148 Mallium
545 3096 615 3165 apud
625 3095 757 3149 Catullum
775 3099 927 3165 scripserim,
940 3115 987 3149 non
999 3096 1146 3149 Manlium:
1162 3093 1200 3147 ad
1211 3095 1287 3147 Mal·

140 3166 205 3218 lium
224 3166 290 3218 enim
304 3176 354 3234 per
371 3165 567 3233 nupouopuoiar
588 3166 682 3231 referri
702 3168 818 3236 Lympha
837 3167 924 3220 Malia
944 3168 971 3219 in
993 3164 1158 3236 Thermopylis
1180 3166 1289 3219 uidetur.

141 3234 215 3302 (Vide
226 3247 311 3289 tamen
324 3236 508 3304 Westplsalium
519 3237 546 3288 in
559 3236 689 3290 translat.
703 3237 799 3290 Catull.
808 3249 853 3307 pp.
867 3235 993 3304 92-100.)

167 3301 211 3356 Ad
224 3302 348 3357 MaIIIum
374 3304 625 3374 ABGHLLa¹La⁹d
635 3309 691 3360 Ric.
704 3310 756 3359 606
822 3307 867 3362 Ad
881 3307 995 3360 Matium
1007 3328 1024 3361 a
1097 3306 1140 3359 Ad
1153 3305 1289 3359 Manlium

137 3391 206 3445 prae
218 3375 330 3428 tristitia
342 3392 398 3429 non
411 3391 489 3444 posse
502 3377 636 3429 consolari
649 3379 766 3431 alterum
779 3377 797 3431 h
867 3377 912 3433 Ad
925 3377 1059 3431 Manlium
1070 3381 1103 3431 P.

178 3506 202 3612 ll
239 3489 380 3613 &effla
414 3487 883 3614 oillirmmuriffilliiillsiii'
897 3494 1061 3615 “inicius
1133 3556 1223 3610 micat
1237 3555 1290 3610 rr

140 3630 228 3682 mittit
240 3641 296 3682 cett.
367 3630 530 3698 epystolium
545 3631 576 3683 G.

178 3717 203 3764 3.
240 3698 408 3766 Naufragum
421 3701 490 3752 DPa
504 3700 624 3755 Ric.606
731 3701 938 3768 Naugragumd
1029 3698 1207 3767 Naufragium
1230 3709 1289 3751 cett.

140 3771 296 3824 erectumh
367 3777 493 3838 ereptum
506 3771 549 3823 Pd
617 3772 876 3840 spicantibusbl'ic.

177 3861 202 3906 4.
242 3840 377 3894 SuIIeuem
390 3844 421 3893 P.

177 3929 203 3977 5.
237 3913 475 3963 sacraAeth.
484 3923 529 3980 pr.
602 3914 715 3967 sunoO.

176 3986 202 4035 6.
241 3981 420 4034 DisertumG
492 3983 519 4033 in
532 3985 666 4036 om.Lm.
674 3997 719 4053 pr.

176 4085 202 4133 7.
239 4053 316 4122 uetrir
332 4069 353 4138 (i
366 4075 473 4121 ueterm
487 4070 526 4122 uel
537 4070 657 4137 ueterIn)
672 4072 704 4125 0.

177 4146 202 4193 8.
240 4139 433 4194 oblectant.0
517 4141 676 4195 Oblectati>
758 4141 803 4194 cui
816 4143 913 4195 Statius
996 4138 1224 4193 ansiaDOVth.
1237 4139 1289 4189 606

138 4211 285 4282 peruigilet
296 4213 329 4264 P.

426 4279 449 4311 u.
459 4272 489 4320 qu

176 4318 327 4392 9.qu
424 4337 509 4390 quem
532 4327 590 4379 lin.
696 4340 779 4393 quem
792 4325 892 4379 eorr.L
1000 4320 1076 4393 qur
1176 4320 1293 4376 dulcisd

139 4394 218 4448 ducis
229 4397 254 4447 1²
262 4395 425 4465 Calpurnius,
438 4394 515 4465 uulgo
527 4409 586 4450 ante
598 4396 673 4450 Conr.
685 4397 715 4448 de
729 4395 806 4451 Allis.
