2872 5002
418 326 647 388 CARMINVM
676 331 867 392 CATVLLI.
1160 338 1219 394 275

92 484 157 564 (12)
180 488 277 562 Quem
300 501 397 549 tamen
412 492 546 567 quamuis
567 491 686 551 fulmine
708 493 833 552 debilem
855 493 909 552 dea
930 511 992 552 non
1013 493 1149 566 destituit,
1168 493 1221 552 sed

214 598 353 665 tanquam
369 585 519 668 maritum]
536 588 584 646 filii
599 588 717 647 Aeneae
732 591 840 649 umeris
858 590 1015 648 leuandum
1030 591 1220 650 semandum-

214 703 271 761 que
299 686 417 745 curauit.
462 687 564 762 ltaque
587 696 742 746 contentus
767 704 817 745 ero
839 688 862 745 si
890 697 1052 746 amatorem
1076 707 1133 758 me,
1157 705 1220 746 non

213 784 355 854 maritum,
370 784 455 842 simili
469 784 566 842 studio
581 784 689 843 Lesbia
703 802 772 861 prae
787 786 890 844 ceteris
904 785 1015 844 fouerit.

91 903 157 981 (13)
180 904 250 965 Hoc
265 925 372 967 munus
387 908 464 966 Allio
480 908 583 976 tribuo,
598 925 635 965 ne
650 925 760 966 nomen
774 909 837 967 eius
851 927 981 986 unquam
997 918 1104 986 pereat.

71 1061 131 1120 Hic
160 1063 228 1122 illud
256 1066 420 1125 notandum
448 1066 604 1141 praecipue
633 1066 715 1141 quod
742 1084 788 1125 res
816 1084 876 1142 quo
904 1066 1006 1124 ordine
1035 1084 1067 1125 se
1095 1066 1221 1125 inuicem

69 1162 226 1236 excipiunt,
241 1165 320 1222 idern
339 1184 356 1221 a
376 1164 474 1223 medio
495 1182 588 1240 usque
610 1164 647 1222 ad
669 1164 759 1222 finem
780 1165 914 1224 carminis
936 1163 988 1223 sed
1009 1165 1141 1224 inuersus
1161 1181 1220 1224 ser·

70 1269 161 1319 uatur.
204 1260 281 1320 Nam
297 1263 354 1321 hoc
369 1263 460 1321 modo
474 1280 521 1321 res
536 1280 567 1320 se
583 1262 741 1338 excipiunt.

112 1357 351 1420 Allius—Catulli
380 1359 1097 1419 amor-Lesbia-Laudamia-Troia-Catulli
1127 1357 1221 1419 fratris

70 1455 784 1517 mors—Troia-Laudamia-Lesbia—Catulli
799 1457 1024 1517 amor-Allius.

113 1569 171 1629 Sed
187 1569 468 1652 inter(r41)-(142)

192 1704 231 1760 At
252 1704 319 1778 quia
340 1721 395 1761 nec
417 1702 491 1760 diuis
512 1701 649 1760 homines
671 1702 843 1778 componier
864 1720 991 1778 aequum
1004 1709 1058 1772 est,

233 1799 386 1876 Ingratum
407 1798 521 1857 tremuli
542 1798 610 1857 tolle
632 1800 758 1874 parentis
779 1816 864 1858 onus.

69 1951 132 1990 non
148 1951 240 2009 pauca
254 1933 432 1992 intercidisse
447 1944 514 2008 post
528 1930 751 1991 Lachmannum
768 1931 988 2009 Hauptiumque
1003 1950 1056 2009 pro
1071 1932 1222 2009 explorato

70 2030 173 2089 habeo.
216 2029 311 2089 ‘Dixit
325 2041 411 2089 antea
425 2028 564 2088 Catullus'
578 2040 644 2088 utor
664 2030 759 2088 uerbis
774 2028 914 2106 Hauptii¹
929 2028 1060 2105 ‘puellae
1074 2047 1143 2088 suae
1157 2029 1222 2087 infi-

71 2128 240 2186 ‘delitatem
258 2130 398 2205 patienter
412 2146 476 2186 sese
498 2128 622 2185 laturum
643 2145 716 2197 esse,
732 2144 801 2184 narn
822 2127 916 2203 ipsam
938 2126 1071 2185 Deorum
1092 2127 1222 2203 reginam

70 2232 78 2257 ⁴
93 2225 239 2284 lunonem
251 2226 390 2284 adulteria
401 2224 481 2283 Iouis
490 2224 647 2283 toleranter
658 2223 731 2281 serre
746 2224 875 2300 iramque
891 2241 1084 2299 concoquere.
1107 2222 1222 2281 Deinde

70 2328 77 2355 ‘
95 2328 111 2354 “
122 2325 189 2397 quia
200 2343 246 2381 nec
260 2324 463 2383 diurihomr'nes
477 2323 629 2397 componier
643 2340 757 2396 aequum
771 2318 832 2380 cst’'
846 2339 883 2379 eo
898 2320 1112 2396 digressionum
1126 2320 1222 2379 studio

71 2428 155 2497 ‘quo
171 2431 262 2479 totum
278 2421 335 2479 hoc
356 2438 474 2480 carmen
495 2418 609 2478 excellit
630 2418 707 2476 aliud
729 2418 905 2494 exemplum,
920 2417 1007 2476 aliam
1028 2418 1223 2477 narrationem

72 2524 79 2547 ‘
96 2519 248 2594 protulisse
263 2515 392 2576 uidetur?
434 2516 479 2576 Ea
494 2515 636 2591 digressio
650 2515 744 2591 qualis
758 2513 842 2574 suerit
856 2533 893 2573 ex
907 2512 994 2594 (νην)
1008 2514 1112 2573 elicere
1130 2532 1222 2590 quan·

70 2634 159 2693 quarn
181 2616 348 2674 audentiore
370 2615 537 2673 coniectura
553 2623 677 2672 conatus
698 2630 771 2671 sum.
813 2611 912 2684 Quem
933 2630 1050 2671 uersum
1072 2612 1096 2670 si
1117 2628 1169 2688 per
1190 2629 1223 2670 se

71 2724 219 2790 sumptum
240 2714 330 2789 legas,
352 2713 401 2772 uix
423 2713 525 2771 dubito
551 2714 622 2789 quin
643 2714 682 2770 ita
703 2712 790 2771 fueris
809 2711 1056 2787 interpretatum,
1078 2710 1223 2769 ‘Subleua

71 2819 195 2871 ‘senem
216 2821 338 2888 patrem,
360 2811 492 2887 quamuis
514 2810 659 2886 ingratum
680 2828 755 2868 onus
776 2808 903 2867 futurum
924 2804 1102 2867 subleuanti.'
1148 2806 1224 2866 Tolle

71 2911 149 2968 enim
167 2909 237 2985 quid
258 2909 327 2967 uelit
341 2927 377 2966 ex
397 2909 496 2967 addito
518 2927 586 2966 onus
601 2907 761 2966 declaratur
770 2906 789 2964 ².
831 2904 878 2964 De
898 2924 958 2981 quo
980 2917 1076 2964 autem
1096 2907 1137 2965 sic
1152 2906 1223 2965 dixit

70 3007 221 3065 Catullus?
263 3007 338 3064 Puto
367 3007 403 3065 de
424 3006 554 3065 Anchisa
582 3024 672 3082 quern
700 3005 773 3063 filius
794 3004 913 3063 Aeneas
934 3004 1041 3063 umeris
1069 3004 1222 3063 sustulerit.

70 3103 208 3162 Narrarat
229 3104 305 3162 hoc8
327 3103 490 3179 Sophocles
512 3105 541 3161 in
564 3102 744 3173 Laocoonte,
766 3101 888 3179 Dionys.
912 3101 980 3160 Hal.
1000 3101 1023 3161 I.
1048 3106 1096 3175 48.
1118 3121 1146 3179 p.
1165 3121 1218 3160 121

70 3206 207 3275 Σοφοκλῆς
219 3206 294 3274 uiuri
313 3205 503 3278 τραγῳδοποιὸς
520 3204 547 3257 ε’ν
562 3207 704 3258 Λαοκόωντι
721 3203 828 3276 δράματι
840 3200 989 3272 μελλούσης
1004 3203 1158 3257 ἁλίσκεσθαι
1176 3206 1222 3271 τῆς

68 3306 170 3358 πόλεως
182 3300 303 3372 πεποίηκε
317 3304 361 3356 τὸν
375 3303 476 3357 Αἰνείαν
489 3302 721 3372 ἀνασκευαζόμενον
734 3302 771 3358 eis
783 3302 829 3371 τὴν
836 3300 915 3370 Ἴδην,
930 3301 1098 3356 κελευσθέντα
1112 3301 1161 3355 ὑπὸ
1175 3304 1221 3354 τοῦ

68 3402 166 3472 πατρὸς
178 3398 306 3471 Ἀγχίσου
327 3401 391 3454 κατὰ
412 3400 458 3469 τὴν
476 3399 575 3470 μνήμην
596 3399 631 3453 ὧν
645 3397 787 3470 Ἀφροδίτη
809 3398 952 3470 ἐπέσκηψε·
976 3399 1030 3469 ἔχει
1051 3399 1079 3451 dd
1099 3398 1168 3471 αὐτῷ
1188 3397 1221 3450 rd

68 3501 171 3563 ἰαμβεῖα
186 3499 214 3552 ε’ν
227 3499 301 3572 ἄλλῳ
315 3500 448 3572 προσώπῳ
461 3500 589 3569 λεγόμενα
602 3495 651 3550 ὧδε
665 3492 710 3570 (st.
728 3511 785 3568 343
801 3491 918 3571 Nauck)

100 3667 108 3695 ¹
126 3669 213 3729 Haupt.
226 3670 322 3729 Quaest
336 3669 419 3716 Catull.
432 3684 454 3729 p.
466 3682 506 3731 41.

100 3749 110 3776 ²
127 3751 230 3810 Plerique
246 3752 278 3797 sic
294 3751 473 3811 interpretantur
486 3752 558 3798 Aufer
576 3760 673 3812 patrem,
685 3766 739 3799 enm
751 3752 798 3798 iarn
814 3766 884 3799 senex
901 3761 926 3799 et
937 3753 1001 3798 oneri
1018 3752 1047 3798 sit
1056 3766 1063 3810 ς
1081 3767 1123 3798 nec
1135 3750 1221 3798 infitior

66 3835 169 3896 potuisse
186 3834 256 3880 etiam
274 3833 336 3880 hunc
352 3848 443 3881 sensum
461 3835 538 3890 latere,
551 3836 746 3896 quemadmodum
762 3835 821 3883 dixit
833 3834 907 3883 Varro
923 3835 1043 3898 Sexagessi
1055 3835 1082 3881 ir.
1094 3834 1138 3880 Vll
1151 3834 1220 3882 Riese

65 3917 137 3963 Nune
152 3916 203 3978 quis
215 3924 307 3976 putrem
325 3917 400 3963 decem
415 3932 530 3964 annorum
548 3927 615 3965 notus
631 3933 677 3964 non
694 3920 762 3965 modo
777 3918 854 3978 uasere
868 3918 908 3964 aad
922 3917 989 3973 tollit,
1001 3917 1046 3963 uisi
1056 3919 1159 3964 ummo?
1191 3916 1220 3964 ln

65 4000 148 4059 quibus
166 3998 265 4045 allusisse
283 3999 373 4045 uidetur
391 4000 489 4045 Aeneae.
521 3999 680 4046 Praecesserat
696 4000 782 4061 aliquid
799 3999 945 4046 huiuamodi:
974 3999 1113 4057 ‘Qrondam
1130 4000 1220 4047 Aeneas

65 4083 171 4139 ‘patrem
186 4093 250 4124 suum
264 4081 349 4125 umeris
366 4080 469 4134 sustulit;
488 4094 548 4127 nunc
560 4081 610 4140 quis
627 4091 661 4127 est
673 4081 708 4127 uel
725 4081 804 4127 decem
821 4095 932 4127 annorum
944 4094 1000 4139 puer
1011 4079 1051 4140 qui
1066 4095 1113 4126 non
1130 4089 1219 4140 patrem

64 4161 202 4207 ‘suum-sed
215 4160 468 4208 ueneno-sustulerit?
496 4162 559 4208 Bene
573 4162 662 4209 Riesius
674 4170 783 4222 conparat
794 4162 937 4225 epigramma
949 4162 971 4206 in
984 4161 1100 4208 Neronem
1112 4161 1218 4223 (Sueton.

63 4242 120 4290 Ner.
135 4243 178 4303 39)
193 4242 251 4305 Quis
262 4250 329 4304 neget
339 4241 433 4289 Aeneae
448 4257 537 4307 magno
552 4243 581 4290 de
596 4244 665 4304 stirpe
678 4243 814 4291 Neronem?
846 4242 945 4290 Sustulit
960 4241 996 4288 lic
1010 4251 1113 4298 matrem,
1128 4244 1219 4292 sustulit

63 4325 103 4373 itte
110 4334 210 4387 patrem

98 4407 108 4437 ³
126 4408 185 4454 Vide
196 4407 225 4454 de
237 4406 336 4455 Anchisa
348 4409 426 4456 Aenea
438 4409 526 4457 Venere
538 4409 693 4469 disputantem
704 4409 823 4470 Seeleyunr
836 4408 859 4454 in
871 4407 906 4456 ed.
918 4407 969 4455 libri
979 4408 996 4456 l.
1009 4407 1061 4455 Liui
1071 4422 1107 4470 pp
1122 4406 1209 4457 att-26.

614 4509 633 4549 T
650 4510 664 4548 2
