2872 5002
231 118 298 178 xviii
627 113 995 177 PROLEGOMENI.

232 288 349 363 ineptior
369 284 450 343 nulla
472 290 531 344 est:
563 283 691 360 priorem
716 283 787 343 dum
811 284 849 344 ad
873 282 979 344 Colam
1004 284 1034 343 di
1059 281 1164 342 Rienzi
1188 281 1291 341 scribit
1313 281 1350 341 cir

232 401 344 444 annum
361 397 438 458 1347
454 380 574 458 Eloquia
590 379 746 441 Ciceronem
761 379 797 459 (te
809 379 918 459 datust)
931 381 974 439 ad
982 399 1060 456 quern
1076 379 1208 441 Catullus
1229 377 1352 437 Verancn

231 485 294 544 ait:
314 482 509 541 Disertissime
521 479 644 539 Romuli
655 480 812 556 nepotum&-
828 480 950 540 alterum
964 482 995 539 in
1007 480 1083 539 libro
1096 481 1128 538 de
1141 479 1270 538 remediis
1284 478 1354 536 utris

232 601 283 657 que
291 582 440 658 fortunae,
462 579 554 639 Pracs.
576 578 641 638 Lib.
661 578 701 637 II.
722 598 752 656 p.
777 598 834 652 104
855 579 902 638 ed.
924 578 1010 637 Basil.
1035 581 1110 653 1581
1135 575 1294 637 Stultorum
1315 576 1356 634 ris

232 699 285 757 quo
306 681 394 755 r'nepla
414 696 460 737 res
482 678 599 754 rupuar
619 678 701 735 uuila
720 684 812 736 estut
833 675 964 736 Catullus
985 679 1034 736 ait.
1064 676 1175 736 Etiam
1197 673 1309 735 LXIV.
1334 678 1358 731 rt

233 779 395 854 respexisse
423 777 537 836 uidetur
561 776 593 834 in
613 775 744 835 eiusdem
765 775 828 834 libri
843 775 874 834 -Ι,
894 793 922 851 p.
948 793 985 851 3²
1007 775 1088 834 nulla
1103 776 1209 852 fugae,
1229 773 1313 832 nulla
1332 781 1360 848 sp

233 879 374 952 igiturest
384 875 516 934 salutis'.
557 874 630 934 Post
644 874 808 933 Petraeam
822 873 928 934 Catulli
943 873 1021 932 nulla
1034 873 1110 933 sacta
1122 882 1168 932 est
1180 872 1304 940 mentio,
1315 888 1362 948 qut

233 975 353 1050 quidem
367 974 455 1032 nobIs
469 973 634 1044 innotuerit,
649 983 718 1032 ante
732 991 843 1032 annum
861 986 948 1047 1374.
988 972 1060 1031 Eius
1081 971 1152 1030 anni
1172 979 1283 1030 aestate
1300 968 1364 1030 Colr

234 1073 298 1131 cius
321 1071 467 1130 Salutatus
488 1070 684 1142 Florentium,
702 1070 747 1128 uir
760 1070 834 1129 inter
849 1070 1035 1130 doctissimos
1055 1069 1130 1129 illius
1150 1069 1271 1140 sacculi,
1285 1069 1317 1126 in
1330 1085 1366 1144 ep

235 1170 310 1229 stula
323 1186 413 1246 quam
427 1168 466 1227 nd
480 1167 645 1244 Caspasum
660 1168 698 1227 dc
708 1167 879 1244 Broaspinis
889 1166 1094 1227 Veronensem
1108 1167 1195 1235 misit,
1206 1167 1289 1244 petiit
1301 1166 1368 1225 abe

234 1278 267 1326 ut
281 1249 429 1327 Catullum
445 1267 688 1343 Propertiumquc
702 1266 756 1325 sibi
770 1275 883 1325 curaret
903 1266 1143 1325 transmittendos
1151 1264 1171 1325 ⁸.
1212 1263 1369 1324 Beruenutr

235 1367 267 1424 de
280 1365 373 1424 Ineola
392 1386 411 1424 a
428 1385 481 1441 quo
496 1367 623 1440 primum
642 1365 674 1422 de
693 1370 718 1422 te
732 1372 822 1441 grata
842 1366 936 1440 accepi
951 1366 1089 1441 naggessit
1107 1365 1162 1422 curo
1174 1364 1312 1439 montisel
1329 1383 1349 1422 a
1367 1402 1371 1420 .

236 1467 445 1538 impetraturum
470 1472 504 1523 ut
524 1462 707 1539 Propertium
726 1469 754 1520 et
774 1460 917 1521 Catullum
938 1461 1071 1520 haberem.
1120 1460 1224 1521 Nescia
1243 1463 1275 1520 si
1291 1462 1325 1518 de
1343 1461 1373 1518 he

235 1564 370 1638 scripsit:
395 1564 452 1620 scio
473 1563 547 1638 quod
565 1564 709 1638 interprete
727 1581 781 1619 nou
801 1563 909 1637 eudrgreo
930 1567 1023 1620 tecum.
1064 1558 1135 1619 Illas
1153 1562 1185 1619 si
1197 1561 1343 1638 pauesce
1361 1578 1374 1617 u

237 1661 355 1717 uc'cleam.
404 1659 470 1718 Vale
482 1661 658 1719 nseiruemar.
672 1658 720 1720 Fl.
735 1658 835 1717 XIII.
850 1659 887 1719 kl.
903 1657 984 1720 Sext.
1026 1659 1111 1718 Idem
1124 1677 1196 1718 mox
1216 1660 1249 1718 in
1270 1657 1376 1735 epistul

237 1759 276 1816 ad
289 1758 495 1817 Benuenutum
508 1758 545 1817 de
560 1758 656 1817 Imola
677 1757 715 1816 ab
736 1759 802 1835 ipso
823 1760 902 1835 petit.
948 1757 1011 1816 Tua
1031 1758 1143 1833 eptitala
1163 1759 1209 1815 ml
1225 1758 1377 1834 alrudseer

237 1875 319 1931 qaam
346 1875 426 1915 amor
445 1862 472 1915 et
489 1857 605 1927 carr‘tas,
629 1857 764 1932 r'rrprr'ruis
786 1856 861 1931 quod
878 1862 1003 1914 uotorum
1023 1873 1143 1914 meorum
1163 1855 1379 1933 delmmtsin'rrm

237 1960 366 2013 executor
379 1955 533 2031 &curares
547 1950 613 2033 (sic)
627 1952 808 2030 Propertium
825 1952 1019 2030 Catullumque
1031 1964 1170 2030 procuras
1182 1972 1301 2030 quarm
1321 1953 1379 2012 mil

237 2054 282 2110 nil
287 2061 374 2127 paene
387 2053 551 2111 nisiuameu
564 2053 690 2109 inuoluit.
737 2050 818 2122 Quod
834 2058 866 2110 ut
879 2053 1128 2128 perficereconeris
1148 2070 1247 2112 exoro.
1288 2051 1382 2131 Iugera

238 2155 309 2210 enc‘ru
333 2151 429 2226 cupula
452 2151 527 2209 melei
547 2152 597 2208 diu
606 2151 680 2229 suit
695 2156 787 2226 poetas
809 2152 938 2226 aspicere.
981 2149 1088 2209 Deinde
1109 2170 1151 2209 me
1170 2154 1248 2210 lauti
1256 2152 1341 2229 sacr's
1361 2170 1384 2209 u

237 2252 399 2308 auctaretate
420 2269 481 2308 mea
505 2251 596 2307 utaris
616 2250 657 2307 ad
672 2248 846 2324 probandum
867 2267 964 2307 uerum
985 2250 1192 2325 tragaediarum
1212 2254 1385 2308 auctoretas

239 2349 371 2406 cucullam
385 2349 467 2407 r'llaru
480 2348 618 2424 epistelam
632 2366 718 2405 meam
732 2367 788 2423 qua
802 2348 836 2405 id
846 2348 953 2405 declaro
966 2349 1158 2406 caudrllriss'rue
1164 2348 1335 2424 pustulastr'.
1346 2393 1354 2408 .
1366 2392 1387 2406 ..

238 2446 303 2521 Ego
307 2447 428 2522 florenti
437 2447 503 2505 leuis
516 2446 585 2505 urbi
595 2446 659 2503 dum
660 2446 736 2522 sata
748 2453 840 2519 eruut,
854 2449 914 2505 siue
929 2446 1027 2505 bellum
1047 2448 1214 2525 niceforus
1233 2449 1294 2505 stite
1308 2447 1389 2522 pestis

238 2544 363 2615 cusultat,
374 2551 533 2620 perpetuum
547 2544 699 2603 snlmrela.
744 2544 821 2616 Quae
831 2547 930 2622 petisti
942 2564 1002 2604 curu
1013 2544 1204 2621 poarutius
1219 2546 1306 2605 melta.
1320 2545 1390 2603 uale.

247 2640 335 2700 VIII.
355 2640 428 2700 Kal.
450 2639 583 2701 Sextilis.
633 2641 753 2714 Audiui,
774 2662 826 2700 uae
846 2643 924 2713 meli,
945 2641 1113 2701 Petrarcaru
1135 2648 1263 2702 nosmet
1281 2643 1324 2701 ad
1339 2661 1392 2701 stra

240 2740 332 2796 scilera
355 2739 530 2814 demigrasse.
554 2740 621 2815 quia
642 2740 738 2797 nollem
759 2759 813 2799 nan
833 2740 911 2798 credo
931 2746 959 2797 et
976 2741 1044 2816 quta
1063 2741 1143 2799 tr'rneo
1150 2742 1269 2820 sactum
1293 2739 1392 2799 dubria

241 2833 281 2893 Si
304 2836 425 2911 quidde
447 2855 476 2895 ea
502 2836 585 2894 habes
612 2837 738 2896 rescribe.
794 2836 901 2895 Iterum
923 2839 985 2895 uale
997 2837 1082 2914 selis
1108 2840 1261 2897 ausciorum
1288 2839 1392 2914 anne.

242 2934 344 2993 Tertia
358 2935 482 3011 epistula
494 2935 532 2994 ad
547 2935 710 3012 Caspasum
732 2936 769 2996 de
791 2936 961 3013 Broaspinis
980 2937 1021 2996 sic
1041 2938 1149 2997 scribit
1191 2937 1394 3014 medianas

241 3040 321 3108 atque
333 3034 528 3091 ornatissimas
541 3035 667 3110 epr'slalas
679 3041 743 3093 tuas
751 3035 846 3110 preilu
858 3034 945 3092 auida
959 3053 1045 3092 mauu
1057 3035 1107 3092 sed
1114 3036 1241 3094 nucleum
1254 3041 1341 3093 ruente
1348 3039 1394 3092 lua

242 3133 302 3189 uiso
320 3133 427 3189 naurire
448 3132 536 3191 laetus
556 3133 653 3209 accept
692 3131 817 3209 Siprece
829 3133 877 3190 uel
887 3134 977 3208 preu'o
989 3132 1168 3210 Propertium
1185 3136 1218 3193 de
1235 3134 1395 3194 titutum

275 3375 283 3403 ¹
301 3377 417 3438 Scripsisse
439 3376 497 3426 haec
516 3380 637 3428 Auenione
660 3382 792 3428 Petrarcam
814 3390 912 3429 testatur
931 3383 992 3430 idem
1015 3384 1055 3445 qui
1076 3384 1154 3432 locum
1175 3385 1273 3446 protulit
1293 3385 1395 3448 Heysius

242 3475 263 3521 p.
279 3461 321 3508 281
337 3461 442 3508 editionis
453 3477 515 3510 suae.

276 3541 285 3568 ²
302 3544 390 3590 Eodem
402 3545 460 3591 libro
471 3560 545 3592 rursus
556 3546 673 3593 Catullum
685 3548 823 3594 memorauit
836 3548 854 3596 l.
864 3561 904 3611 59.
916 3562 939 3608 p.
950 3559 991 3610 55.
1003 3550 1042 3597 ed.
1052 3548 1120 3595 Basil.
1139 3548 1227 3597 Pastor
1236 3550 1284 3597 ria
1294 3549 1395 3615 offim

243 3627 290 3673 uile
304 3626 427 3673 laudatura
441 3627 493 3674 lieet
506 3642 521 3674 a
536 3626 614 3675 multis
629 3639 681 3675 ante
694 3629 753 3676 alios
767 3644 783 3676 a
799 3630 889 3677 Cautio
903 3630 1039 3684 Veronensi:
1062 3632 1087 3678 ln
1100 3645 1148 3692 quo
1161 3646 1249 3680 erraue
1262 3634 1395 3681 Persarum

244 3710 391 3755 manifestum
404 3719 452 3764 est;
470 3719 564 3757 uenerat
576 3711 599 3756 in
610 3719 714 3758 mentem
725 3711 812 3759 Tibulli
825 3713 843 3760 1.
855 3725 865 3759 1
876 3713 911 3760 uel
923 3714 942 3760 1.
955 3726 969 3776 5
982 3713 1019 3761 uel
1031 3713 1061 3760 11.
1074 3726 1089 3775 3
1100 3728 1159 3775 quae
1169 3714 1249 3778 Elegia
1260 3723 1313 3762 tota
1322 3724 1358 3763 est
1368 3702 1406 3764 ‹le¹

243 3806 307 3844 rure;
325 3800 348 3838 et
361 3792 379 3838 l.
391 3789 430 3855 69,
444 3806 467 3852 p.
479 3789 519 3852 63.
555 3792 621 3857 Quid
630 3807 658 3840 ex
669 3794 750 3839 uestris
763 3794 865 3841 Ouidio!
884 3794 998 3842 emutat
1013 3795 1154 3856 Propertio?
1172 3794 1283 3845 multat
1297 3811 1395 3860 quarm

244 3872 332 3920 nullum
342 3873 419 3932 ferun
435 3873 480 3919 nisi
498 3873 640 3920 ansatorium
656 3883 687 3920 est
698 3882 796 3935 poeusas
819 3876 880 3922 unde
896 3890 951 3922 nere
967 3876 1048 3924 uidcor
1064 3891 1130 3937 posse
1146 3878 1228 3936 dicere,
1246 3879 1271 3926 id
1286 3879 1351 3942 quod
1366 3894 1395 3928 ex

244 3953 299 3999 locis
310 3955 394 4000 Catulli
406 3955 480 4002 allatis
492 3964 592 4016 apparet,
605 3956 736 4002 Petrarmm
748 3957 826 4003 omnia
838 3958 922 4005 Catulli
934 3959 1038 4005 carmina
1048 3958 1138 4022 legisse.

280 4033 289 4062 ¹
305 4036 364 4082 Vide
387 4035 514 4097 llauptium
536 4037 560 4083 in
578 4038 643 4084 Actis
667 4038 756 4101 Regiae
773 4038 899 4086 Saronicus
922 4040 1042 4087 Societatis
1061 4040 1079 4088 1.
1097 4055 1136 4102 pp.
1155 4038 1272 4105 256-260
1294 4044 1334 4091 abt
1351 4052 1397 4091 tres

245 4115 352 4175 epistulas
363 4119 419 4165 citat
430 4120 489 4166 unde
500 4118 558 4168 hacc
569 4121 679 4188 excerpsi,
690 4130 813 4184 postquam
825 4137 863 4170 eas
876 4123 1039 4172 Mommseuus
1050 4125 1207 4186 exscripserat.
