2872 5002
138 372 197 427 246
543 367 599 426 DE
626 364 889 426 PARTITIONE

182 529 304 606 Saepius
318 529 397 607 apud
412 528 577 588 Hesiodum
591 539 620 588 et
636 530 758 588 certiore
779 529 853 588 serie
875 538 1048 607 repetuntur
1062 530 1185 588 numeri.
1224 526 1278 585 Hoc

140 640 168 686 et
194 628 371 705 Theogonia
394 626 512 686 exhibet
537 638 565 685 et
583 627 669 701 Ἔργα
693 631 733 684 rel
757 627 873 702 Ἢμερωὶ
927 625 1053 688 Scutum
1077 626 1214 687 Herculis
1232 643 1279 703 qm

140 737 274 803 tempore
309 726 449 803 scriptum
477 725 560 784 suerit
588 726 721 784 nondum
750 727 820 785 satis
847 727 979 800 scimus;
1016 726 1073 786 sed
1105 726 1153 785 hic
1180 741 1281 802 quoque

141 824 273 883 eiusdem
295 825 337 883 rei
357 834 457 883 extant
477 817 608 901 uestigia
651 822 691 883 Vt
712 825 750 883 ab
758 825 866 899 'Eme
879 824 1089 900 ingrediamur,
1104 823 1283 900 prooemium,

142 941 202 1001 quo
235 923 337 982 Musas
367 923 495 992 inuocat,
524 923 652 999 quinque
683 922 772 982 habet
800 921 932 982 disticha
990 923 1074 982 Tum
1103 921 1284 981 distributioni
1331 976 1333 1001 Ι

142 1022 254 1080 dierum
277 1018 446 1100 (765-828)
471 1031 548 1080 stant
570 1022 614 1079 sui
639 1021 761 1080 numeri.
804 1019 926 1079 Dierum
954 1020 1029 1080 haec
1057 1031 1106 1079 est
1133 1019 1284 1096 descriptio,

143 1116 263 1199 51226
282 1119 287 1200 Ι
309 1135 366 1193 235
386 1116 391 1199 )
412 1121 468 1178 226
488 1115 493 1197 )
513 1132 571 1193 235
594 1115 599 1198 Ι
619 1135 728 1194 45343.
779 1118 932 1178 Accedunt
959 1121 1182 1193 228-247=2
1202 1135 1284 1187 >t10;

145 1231 322 1293 293-307ε
329 1231 346 1291 5
359 1235 380 1279 >t
391 1236 427 1291 33
461 1218 669 1291 308-316=3
681 1234 703 1278 >t
714 1235 748 1291 3;
779 1216 975 1293 Theogoniae
1000 1217 1285 1303 376-207=66666.

143 1317 167 1374 si
182 1316 313 1391 ineptum
328 1333 445 1373 uersum
463 1317 519 1392 196
535 1332 604 1373 cum
619 1315 739 1375 Platone
754 1316 783 1373 in
799 1313 917 1391 Cratylo
930 1333 960 1391 p.
977 1316 1037 1387 40⁶
1053 1316 1197 1375 omiseris.

551 1446 813 1507 arr-225=3>‹5

553 1531 773 1604 240-2⁶t=25

551 1629 773 1703 346-370=25

143 1739 188 1798 Ex
203 1739 248 1797 his
263 1740 379 1798 duobus
399 1740 470 1799 locis
484 1741 555 1800 alter
569 1741 738 1822 (246-264)
753 1743 873 1802 nomina
893 1741 982 1801 habet
1004 1741 1179 1812 Nereidum,
1195 1747 1287 1814 Κουρὸν

143 1839 296 1908 πεντήκοντα
320 1840 434 1910 ἀμύμονα
458 1843 511 1913 ἔργ’
536 1842 642 1912 εἷδνιῶν,
667 1841 738 1898 alter
761 1838 929 1919 (346-370)
957 1839 1081 1898 filiarum
1110 1839 1240 1916 Tethyos
1263 1848 1286 1895 el

144 1934 257 1995 Oceani
267 1955 275 2007 ;
306 1937 457 2015 potuitque
480 1936 631 1997 Hesiodus
652 1940 781 2015 quinque
801 1949 830 1997 et
850 1939 953 2015 uiginti
973 1956 1078 1997 uersus
1098 1939 1147 1997 bis
1168 1937 1286 2015 posuisse

143 2053 181 2093 eo
216 2035 338 2093 consilio
374 2048 405 2094 ut
440 2037 481 2095 sic
517 2036 656 2095 confieret
691 2036 793 2112 plenus
828 2036 875 2096 ille
910 2055 1050 2096 numerus
1086 2035 1307 2114 quinquaginta

144 2132 273 2191 dearum.

186 2230 221 2288 In
246 2230 381 2290 Herculis
404 2231 495 2291 Scuto
516 2243 548 2292 ut
569 2235 663 2292 oratio
686 2232 823 2293 Herculis
843 2233 882 2292 ad
904 2233 1020 2292 Iolaum
1043 2235 1286 2308 78-101=8>t3‚

144 2329 183 2387 ita
197 2329 288 2405 ipsius
304 2330 376 2388 scuti
399 2330 555 2407 descriptio
571 2336 714 2407 συμμετρίᾳ
733 2333 861 2409 quadam
877 2333 966 2391 utitur
979 2332 1116 2407 partium,
1130 2345 1288 2409 quanquam

144 2428 241 2487 minus
255 2439 389 2488 accurata
404 2430 623 2505 terminataque.
717 2437 723 2447 ⁴

185 2526 389 2586 Theocritum¹
412 2527 536 2605 Eidyllia
557 2547 611 2587 sua
632 2530 661 2586 in
679 2539 773 2604 partes
792 2528 969 2587 distribuisse
986 2537 1095 2604 sponte
1116 2527 1288 2603 intellegitur,

144 2645 200 2685 nec
222 2628 377 2702 quisquam
399 2637 443 2684 est
457 2628 506 2703 qui
520 2628 551 2684 in
565 2629 708 2699 ἄμοιβαίοις
721 2627 750 2685 id
768 2636 856 2703 neget
870 2626 987 2699 lactum,
1002 2643 1175 2703 quanquam
1190 2625 1227 2684 de
1240 2625 1289 2683 sin-

144 2725 220 2801 gulis
235 2726 411 2783 carminibus
426 2725 471 2783 alii
487 2727 541 2785 alia
556 2727 693 2786 sentiunt.
736 2725 795 2784 Sed
809 2743 871 2783 non
885 2723 1023 2800 strophae
1042 2733 1157 2782 tantum
1179 2739 1290 2799 respon·

145 2823 215 2880 dent
230 2823 426 2898 antistrophiS,
442 2825 529 2900 idque
544 2825 714 2901 plerumque
729 2836 788 2883 tarn
805 2833 906 2882 exacte
921 2832 952 2882 ut
966 2823 997 2880 in
1011 2823 1142 2897 utrisque
1163 2822 1242 2880 idem
1261 2819 1292 2879 sit

145 2938 283 2978 numerus
312 2938 448 2978 uersuum
458 2919 477 2992 ²,
499 2923 551 2981 sed
573 2934 601 2981 et
623 2924 850 2982 amoebaeorum
871 2922 1032 2981 carminum
1054 2937 1108 2979 cae
1130 2933 1229 2997 partes
1249 2918 1293 2977 ubi

144 3034 205 3075 non
227 3020 338 3075 canitur
353 3019 477 3089 alternis,
500 3032 528 3078 et
550 3022 679 3080 carmina
700 3040 775 3097 quae
796 3022 878 3080 omni
899 3020 1089 3079 alternatione
1110 3029 1212 3077 carent
1233 3036 1293 3076 cau·

144 3117 275 3186 tantium,
298 3126 360 3174 rata
381 3118 508 3194 quadam
530 3138 717 3179 numerorum
740 3120 941 3197 aequabilitate
962 3128 1110 3194 reguntur.
1153 3116 1293 3193 Exemplo

146 3215 182 3273 sit
206 3213 271 3272 Eid.
295 3214 325 3271 II
348 3218 555 3289 supponimur,
579 3219 658 3293 quod
681 3220 710 3276 in
732 3220 840 3277 amisso
862 3216 990 3293 quodam
1015 3217 1142 3274 carmine
1168 3215 1294 3274 Catullus

146 3315 272 3372 imitatus
305 3314 456 3374 creditur⁸.
514 3315 701 3375 Prooemium
728 3318 816 3376 habet
847 3315 975 3375 sedecim
1009 3332 1149 3373 uersuum
1177 3315 1228 3392 qui
1256 3315 1294 3372 sie

146 3413 312 3472 diuiduntur
339 3429 354 3488 7
380 3412 446 3493 (34)
474 3434 488 3472 2
517 3428 531 3488 7
559 3413 625 3494 (43)
637 3435 645 3487 ;
679 3427 815 3474 secuntur
840 3416 942 3475 decem
967 3414 1103 3491 strophae
1129 3432 1166 3472 ex
1192 3414 1294 3489 quibus

146 3514 256 3588 priores
280 3523 348 3570 octo
373 3526 390 3586 5
413 3531 522 3585 uerene,
546 3526 712 3590 postremae
737 3515 812 3573 duae
832 3517 850 3573 6
874 3515 990 3585 habent,
1016 3530 1121 3572 omnes
1146 3522 1246 3570 autem
1266 3511 1294 3567 in

146 3610 227 3667 initio
241 3622 373 3687 repetunt
383 3609 466 3685 ’1¹27ss
482 3614 544 3667 ἕλκε
558 3614 589 3667 τὺ
603 3616 678 3683 τῆνον
693 3615 753 3683 ἐμὸν
771 3616 830 3667 ποτὶ
851 3615 922 3680 δῶμα
942 3616 987 3668 τὸν
1000 3615 1095 3685 &ipim
1115 3603 1180 3670 ium
1202 3621 1295 3688 partes

145 3707 300 3765 duodecim
316 3727 391 3785 quae
406 3726 510 3768 omnes
531 3709 644 3767 initium
659 3708 769 3767 ducunt
784 3726 801 3765 a
816 3726 902 3766 uersu
915 3711 1012 3779 Φρόζεό
1026 3732 1073 3779 μιν
1087 3713 1132 3764 τὸν
1145 3709 1224 3781 ἔρωθ’
1239 3709 1294 3764 ὅθεν

144 3804 221 3874 ἵκετο,
238 3811 318 3863 πότνα
336 3810 448 3879 §sittim
471 3825 507 3865 ex
528 3807 573 3865 his
593 3807 731 3865 undecim
751 3810 768 3864 6
791 3824 893 3865 uersus
913 3805 1031 3875 babent,
1050 3804 1226 3864 duodecima
1248 3823 1292 3878 32.

145 3903 248 3980 Itaque
264 3915 357 3964 totum
372 3923 490 3964 carmen
505 3904 562 3964 hoc
576 3904 667 3964 modo
682 3905 859 3964 distribuitur

177 4148 185 4175 ¹
203 4150 318 4197 Dixerunt
331 4150 359 4197 de
371 4149 498 4199 Theocrito
510 4153 655 4200 Hermannus
665 4154 789 4202 Koechlius
799 4153 946 4216 (Carminum
955 4150 1150 4200 Theocriteorum
1160 4150 1184 4196 in
1192 4149 1293 4212 strophas

144 4234 302 4279 restitutomm
315 4234 431 4293 specimen
446 4234 520 4297 1858)
533 4236 667 4283 Gebauerus
679 4237 724 4285 alii.

176 4314 185 4340 ²
204 4316 228 4360 ln
242 4315 281 4364 1v.
294 4324 373 4379 ²9-37
386 4316 497 4379 Corydon
510 4333 595 4366 nouem
609 4335 693 4374 uersus,
703 4331 784 4381 44-53
797 4320 878 4366 Battus
891 4320 972 4366 decem
983 4318 1053 4365 canit.
1088 4317 1180 4365 Eodem
1192 4316 1263 4364 modo
1275 4315 1297 4362 in

143 4396 206 4445 Vlll.
219 4393 251 4456 63
271 4406 301 4457 70
313 4398 432 4446 Menalcas
444 4410 506 4458 octo,
521 4401 602 4462 72-80
615 4401 719 4463 Daphnis
732 4415 827 4448 nouem.

174 4476 184 4506 ⁸
200 4478 257 4525 Plin.
272 4477 301 4527 H.
314 4479 344 4525 N.
357 4479 468 4530 xxvm.
484 4497 523 4548 19.
