2872 5002
234 368 296 427 660
668 359 954 427 CORRIGENDA.

263 532 377 593 XXIX.
394 549 442 591 21.
462 530 576 592 fouetis.
594 530 629 592 O.
828 528 926 589 XXX·
948 526 995 609 (6)
1016 526 1145 589 inmalia
1163 524 1200 586 0.

248 629 374 690 XXXV.
413 649 439 690 a.
460 628 565 690 occilio
581 628 616 690 0.
823 627 933 689 XLIV.
951 647 998 689 ro.
1018 624 1164 689 iestiauus
1181 624 1217 685 0.

269 727 379 788 XLVI.
416 741 443 803 7.
464 727 669 805 praetepidans
685 726 720 788 0.
1152 808 1156 815 Α

265 826 375 887 XLIX
411 840 439 902 5.
459 825 603 904 pessimus
618 824 654 898 0,
666 843 722 885 non
734 831 769 885 ut
778 822 821 885 K.
835 823 875 886 P.
890 822 1022 885 &hulstb
1034 823 1131 884 mium
1144 829 1190 882 est
1200 837 1366 901 pessumus

310 924 375 984 LX.
412 944 439 1001 3.
460 929 521 985 16111
537 923 571 983 0.

279 1022 376 1086 LXIL
412 1038 438 1099 7.
461 1019 751 1084 lieosessebaeceos
766 1020 801 1080 0.

395 1135 443 1198 37.
464 1103 515 1194 Qd
528 1122 561 1181 tfi
578 1121 612 1181 0.

287 1218 400 1280 LXIII.
415 1239 444 1296 9.
464 1221 536 1279 mat*
547 1224 609 1280 fitia
625 1217 659 1277 0.

256 1315 441 1378 LXIV.126.
461 1317 639 1378 consendere
655 1316 690 1377 0.

376 1430 442 1491 145.
464 1413 525 1475 Sub
547 1413 669 1491 adipisci
691 1419 881 1491 panepenna
902 1418 970 1473 sunl
990 1413 1022 1471 eir
1051 1408 1081 1470 0
1106 1411 1271 1471 recentioris
1295 1429 1390 1471 mom

499 1513 638 1572 uidemur.

374 1615 442 1687 336.
462 1608 502 1670 In
515 1609 636 1688 Omper
642 1609 724 1671 tetidi
739 1611 871 1669 remmbr
884 1627 983 1669 monas
995 1608 1107 1669 addidet
1118 1608 1148 1682 b,
1159 1614 1195 1668 111
1202 1609 1237 1668 in
1248 1609 1387 1687 specim

500 1714 619 1786 apparel
629 1709 703 1784 quod
711 1727 752 1769 ex
763 1708 822 1768 luce
832 1707 1043 1784 exprimendum
1056 1708 1169 1767 moral

375 1823 443 1882 394.
463 1804 605 1866 inletifero
621 1805 649 1864 0
655 1806 750 1883 potiar
762 1824 846 1884 quan
859 1803 1014 1865 inletiioro.

288 1901 382 1963 LXV.
422 1921 448 1962 1.
469 1901 585 1963 delectu
601 1902 636 1962 0.

271 1999 380 2060 LXVI.
397 2015 443 2077 35.
464 2001 579 2062 redditu
595 1999 630 2073 0,
644 2019 707 2061 non
720 2000 843 2072 redditu.

237 2096 408 2159 LXXXIII.
424 2101 450 2157 6.
473 2094 491 2157 11
510 2097 543 2157 0.

277 2247 449 2309 Carminum
463 2247 588 2309 I-XXX
600 2248 674 2309 tituli
688 2246 789 2327 quales
802 2249 834 2308 in
847 2248 934 2309 Alani
947 2247 1053 2310 codice
1065 2247 1125 2330 (P)
1137 2259 1251 2324 extant,
1264 2261 1294 2310 et
1308 2250 1387 2328 siqua

236 2347 325 2408 lectio
338 2347 401 2407 uisa
415 2356 460 2407 est
473 2345 636 2406 notabilior.

278 2445 317 2519 Q.
343 2445 452 2505 Valerii
480 2443 586 2505 Catulli
612 2453 720 2523 poetae
748 2444 929 2506 Veronensis
955 2444 1005 2505 Ad
1032 2445 1206 2508 Cornelium
1233 2445 1387 2525 Nepotem

238 2543 327 2609 Liber
346 2544 448 2621 incipit
468 2542 601 2603 Feliciter
613 2541 645 2603 P
662 2541 715 2622 (Q.
730 2542 835 2604 Camlli
849 2542 1030 2605 Veronensis
1048 2544 1123 2605 liber
1136 2544 1241 2624 incipit
1261 2545 1301 2607 ad
1317 2544 1388 2606 eor-

236 2643 346 2703 nelium
364 2653 396 2700 1⁸
409 2640 492 2703 Ricc.
507 2638 589 2720 606.)

400 2740 424 2799 I.
445 2739 494 2799 Ad
508 2738 677 2799 Cornelium
692 2738 841 2816 Nepotem
854 2736 895 2799 P.
966 2782 969 2788 .

383 2838 423 2897 II.
444 2837 598 2897 Passerem
611 2836 701 2897 lesbie
715 2839 874 2897 extinctum
889 2837 977 2897 defiet
990 2835 1028 2898 P.

366 2935 420 2993 IV.
441 2935 488 2995 De
503 2934 649 2994 Nauicula
662 2934 701 2993 P.

383 3031 421 3090 V.
442 3031 491 3091 Ad
505 3032 626 3091 lesbiam
640 3030 679 3091 P.

367 3127 419 3187 VI.
441 3128 491 3188 Ad
505 3129 623 3188 flauium
637 3130 674 3189 de
688 3130 811 3208 illepidis
825 3131 887 3190 eius
901 3132 1049 3190 amoribus
1063 3128 1103 3190 P.

352 3225 419 3285 VH.
441 3227 490 3287 Ad
504 3226 625 3286 lesbiam
638 3227 677 3288 P.

331 3324 417 3384 VIII.
438 3324 487 3385 Ad
501 3344 532 3384 se
547 3327 644 3403 ipsum
656 3326 696 3388 P.

361 3423 415 3484 IX.
437 3424 487 3483 Ad
500 3422 664 3483 Vrannium
677 3425 716 3484 P.

381 3522 419 3584 X.
440 3521 487 3581 De
501 3521 571 3581 Vari
586 3523 733 3583 amoribus
747 3523 786 3582 P.

362 3620 416 3681 XI.
437 3621 487 3681 Ad
500 3619 618 3680 Furium
632 3630 661 3680 et
675 3622 813 3681 aurelium
826 3620 865 3680 P.

443 3739 460 3794 3
475 3728 507 3778 ut
521 3718 558 3777 P.

348 3817 418 3879 XII.
439 3817 488 3877 Ad
503 3816 699 3877 Matrucinum
713 3817 849 3879 Asinium
861 3817 901 3876 P.

443 3934 479 3986 14
494 3912 565 3972 Non
578 3913 617 3973 P.

443 4014 479 4070 16
493 4012 552 4070 hoc
565 4011 605 4070 P.

442 4123 476 4185 17
493 4108 534 4168 Vt
546 4108 588 4168 P.

329 4208 417 4268 XIII.
437 4206 486 4268 Ad
500 4206 653 4267 Fabullum
667 4209 706 4268 P.

333 4305 417 4365 XIV.
439 4305 488 4366 Ad
502 4304 646 4367 Licinium
661 4307 777 4368 csluum
790 4317 910 4386 poetam
923 4309 962 4369 P.

438 4424 458 4481 9
472 4404 535 4464 silla
548 4404 587 4464 P.

442 4521 479 4562 1ο
492 4504 533 4563 mi
547 4502 587 4562 P.
