2872 5002
592 427 839 488 PRAEFATIO.
1264 431 1293 490 ix

176 629 202 683 3.
223 606 361 669 Senecae
376 611 470 686 patris
484 608 564 669 Llll.
578 625 595 685 5
609 613 789 689 salaputte'um
803 630 857 688 pro
869 611 998 689 eoquod
1012 612 1122 673 habent
1140 614 1295 674 Catulliani

139 713 223 774 MSS.
236 717 445 793 saluponie'um.

178 843 205 892 4.
226 820 326 882 Caesii
338 821 425 882 Bassi
438 821 519 901 (quo,
530 823 607 883 uelut
618 825 656 885 ad
667 807 857 885 communem
867 825 1051 886 metricorum
1063 827 1184 899 sontem,
1195 827 1296 885 omnia

140 927 317 989 Behrensius
339 939 462 989 reuocat
484 948 558 1007 quae
581 931 612 989 in
638 931 684 991 his
708 928 910 1008 reperiuntur),
935 931 1000 991 LII.
1024 951 1039 989 a
1061 939 1169 991 struem
1189 931 1296 1011 (scrofa

141 1032 212 1092 Mar.
228 1033 414 1114 Victorinus)
436 1035 556 1108 Nemes,
577 1035 689 1098 LXIII.
709 1058 721 1096 r
738 1037 817 1096 Altis
837 1039 927 1108 celeri,
950 1037 1058 1097 LXIV.
1077 1058 1089 1096 1
1107 1038 1221 1097 Peliaco
1241 1057 1295 1115 pro

142 1139 373 1200 Catullianomm
389 1140 479 1201 MSS.
494 1141 617 1215 Neuius,
630 1142 713 1202 Actis
726 1145 816 1216 celere,
831 1143 965 1202 Pelliaca
993 1140 1001 1155 ⁸

184 1261 212 1321 5.
234 1245 309 1306 Plini
324 1249 445 1307 maioris
459 1249 536 1325 apud
551 1247 726 1321 Charisium,
737 1250 862 1309 XXXV.
877 1270 911 1308 12
925 1252 1055 1327 inpotente
1064 1269 1156 1310 amore
1166 1268 1220 1327 pro
1231 1268 1296 1310 cor-

143 1363 230 1430 rupto
243 1351 477 1413 Catullianorum
490 1353 577 1414 MSS.
593 1358 757 1432 impotentem
772 1375 900 1416 amorem.

185 1462 214 1518 6.
237 1459 419 1532 Quintiliani,
446 1461 541 1520 LXII.
572 1477 610 1537 45
635 1463 699 1520 dum
723 1464 841 1538 innupta
869 1470 960 1521 manet
985 1465 1049 1523 dum
1077 1483 1147 1521 cara
1174 1463 1233 1521 suis
1260 1465 1301 1519 est

144 1585 199 1644 pro
224 1584 262 1627 eo
286 1567 367 1643 quod
391 1568 502 1627 habent
529 1566 657 1645 plerique
682 1568 787 1628 Catulli
810 1568 897 1628 MSS.
919 1570 984 1627 dum
1006 1571 1111 1628 e‘rrtacta
1130 1576 1222 1626 manet
1239 1574 1297 1626 tum

145 1693 216 1731 cara
235 1675 287 1732 sui
302 1675 369 1733 sed:
399 1673 511 1734 XCIII.
535 1676 651 1734 eoldus
675 1695 714 1733 an
734 1683 794 1733 ater
808 1694 861 1752 pro
883 1685 1018 1752 corrupto
1039 1677 1137 1734 saluus
1153 1694 1191 1733 an
1208 1676 1298 1733 alter:

145 1779 274 1839 XCVII.
291 1783 308 1838 6
316 1782 444 1857 ploxeni.

189 1901 216 1960 7.
239 1885 314 1945 Plini
334 1887 462 1958 iunioris,
481 1886 563 1946 XVI.
580 1899 605 1961 7.
622 1889 640 1944 8
659 1885 720 1958 Qui
737 1895 802 1947 tunc
817 1930 824 1946 .
841 1930 848 1944 .
865 1889 1001 1959 ,sisare
1016 1906 1070 1964 pro
1095 1886 1156 1959 Qui
1172 1894 1229 1946 tum
1245 1931 1251 1944 .
1268 1931 1297 1944 ..

146 1993 177 2050 si
186 1992 252 2050 sint
415 2031 417 2035 -

190 2101 219 2156 8.
241 2096 329 2173 Capri
348 2096 427 2174 apud
446 2096 632 2169 Priscianum
648 2097 804 2157 XXXVII.
823 2112 868 2174 17,
887 2102 922 2157 18
940 2099 1119 2160 Celte'berosae
1138 2097 1301 2159 Celtiberiae

148 2220 204 2280 pro
219 2201 447 2262 Catullianorum
462 2201 548 2261 MSS.
566 2201 746 2262 Cunierelmae
762 2203 932 2264 Celtiberiae.

190 2309 267 2386 Age,
282 2311 482 2368 examinentur
495 2308 575 2368 haec.

195 2433 220 2472 1.
251 2413 406 2475 Romanos
429 2425 534 2491 gener
561 2433 727 2493 socerque
755 2418 852 2493 potius
880 2435 970 2494 quam
1000 2433 1100 2476 socer
1128 2433 1302 2493 generque

151 2521 261 2581 dixisse
285 2540 322 2580 ex
344 2520 407 2580 aliis
432 2522 518 2580 etiam
541 2520 629 2599 liquet
653 2522 725 2583 locis
747 2542 823 2600 quos
845 2524 1021 2583 Behrensius
1042 2539 1104 2580 non
1125 2522 1218 2581 attulit
1236 2541 1260 2580 e.
1273 2541 1302 2597 g.

151 2626 224 2687 Luc.
239 2627 264 2687 L
282 2630 348 2698 118,
363 2627 440 2686 Flor.
454 2626 507 2686 IV.
522 2648 548 2686 2.
563 2648 606 2703 13.
637 2628 742 2707 Neque
756 2630 823 2689 ideo
837 2641 936 2689 tamen
950 2628 1158 2705 relinquendus
1172 2638 1215 2687 est
1228 2628 1303 2686 ordo

151 2752 242 2811 quem
256 2733 372 2793 tradunt
386 2732 490 2793 Catulli
503 2734 629 2794 codices.
651 2735 730 2794 Nam
743 2735 775 2793 in
789 2738 870 2794 omni
882 2735 1010 2795 carmine
1022 2733 1125 2791 XXIX
1136 2734 1303 2810 primarium

151 2840 252 2899 Iocum
272 2839 382 2900 Caesar
400 2841 519 2912 obtinet,
539 2859 571 2899 11
589 2843 738 2916 imperator
757 2843 836 2900 πνείει
854 2861 888 2900 ra
904 2841 1005 2900 Fumi·
1019 2861 1054 2916 13
1078 2841 1113 2900 Vt
1131 2842 1186 2900 ista
1207 2847 1304 2899 uestra

152 2949 180 3008 h.
189 2967 215 3007 e.
230 2966 289 3026 qua
306 2958 338 3006 tu
359 2956 388 3008 et
407 2946 564 3024 Pompeius
581 2948 693 3006 utimini
710 2967 744 3007 21
750 2950 858 3025 souetd
871 2948 899 3007 h.
909 2967 934 3007 e.
950 2960 980 3007 tu
994 2957 1024 3008 et
1037 2947 1196 3025 Pompeius
1204 2968 1213 3021 ς
1234 2957 1303 3024 post

152 3073 229 3132 quae
244 3063 320 3114 recte
334 3054 453 3113 infertur
466 3053 564 3114 Socer
570 3074 739 3132 generque.
773 3053 832 3114 Sed
843 3065 872 3113 et
880 3054 1025 3130 Vergilius
1037 3055 1164 3113 eundem
1175 3055 1304 3131 sequitur

153 3162 287 3221 ordinem
301 3160 376 3220 Aen.
391 3161 444 3220 Vl.
460 3164 529 3237 830.
564 3159 695 3241 (Mum,
709 3160 906 3220 Eluee'dations
919 3163 980 3220 and
991 3160 1151 3221 Criticiims
1164 3180 1193 3238 p.
1213 3159 1290 3239 112.)

196 3287 221 3328 a.
247 3268 475 3328 incertissimum
494 3278 538 3327 est
556 3269 627 3345 quid
646 3269 677 3326 in
698 3267 781 3327 LIII.
806 3283 823 3343 5
845 3267 976 3328 Catullus
998 3269 1149 3346 scripserit
1194 3268 1253 3327 Sed
1273 3278 1306 3327 ut

154 3375 351 3434 concesserim
378 3384 456 3434 reete
484 3374 705 3451 salaputtium
737 3376 769 3433 iu
798 3374 928 3434 Senecae
956 3374 1034 3434 libris
1059 3375 1199 3450 scriptum
1222 3374 1304 3447 tradi,

155 3489 290 3557 cormpte
318 3480 519 3556 salapatium
548 3480 628 3557 quod
662 3479 776 3538 uidetur
810 3479 945 3539 habuisse
977 3479 1042 3538 lons
1077 3478 1305 3539 Catullianomm

155 3586 302 3656 codicum,
316 3602 378 3644 non
392 3585 459 3644 ideo
478 3586 607 3663 sequitur
628 3586 833 3660 salapatium
855 3584 892 3643 ad
915 3585 1047 3644 Gelliana
1067 3597 1200 3662 tempora
1220 3601 1306 3644 reuo-

156 3692 285 3751 candum
300 3709 373 3763 esse,
388 3692 611 3769 salaputtium
626 3692 662 3750 ad
677 3709 800 3767 eaquae
815 3700 881 3750 ante
897 3690 1022 3750 Gellium
1038 3691 1161 3750 luerunt.

199 3818 225 3873 3.
248 3797 291 3877 (α)
315 3797 455 3857 Metricos
470 3805 523 3857 ‘ex
539 3799 645 3858 Caesio
661 3799 754 3857 Basso
775 3816 880 3858 omnes
902 3817 955 3858 sua
976 3797 1124 3858 hausisse’
1139 3815 1195 3855 nec
1212 3795 1306 3854 Lach-

157 3922 283 3963 mannns
305 3905 416 3980 putauit
433 3922 528 3982 neque
548 3904 608 3964 ullo
629 3904 720 3963 modo
742 3923 795 3978 pro
816 3914 894 3964 certo
914 3916 1010 3981 potest
1027 3903 1135 3974 haberi,
1156 3920 1224 3960 cum
1243 3902 1306 3960 libri

158 4012 194 4071 de
208 4014 307 4072 metris
321 4030 409 4089 quern
424 4013 592 4072 Victorinus
606 4012 700 4071 Basso
715 4013 812 4071 tribuit
827 4022 876 4071 aut
890 4012 968 4071 nulla
982 4012 1039 4069 iam
1054 4028 1121 4086 pars
1136 4018 1185 4068 aut
1202 4026 1307 4068 manca

158 4128 270 4177 tantum
284 4127 371 4178 extet.
394 4117 444 4196 (Ο.
460 4119 562 4177 Hense
578 4118 614 4178 de
631 4118 703 4175 Iuba
718 4117 894 4195 Artigrapho
909 4137 937 4193 p.
954 4120 990 4189 64
1008 4115 1084 4193 sqq.)
1184 4152 1187 4156 Δ

199 4224 238 4304 (b)
262 4225 292 4284 Si
307 4244 344 4284 ex
360 4224 452 4284 Basso
467 4225 577 4284 metrici
593 4243 645 4284 sua
659 4236 853 4301 sumpsemnt‚
867 4225 945 4283 unde
960 4222 1068 4281 sactum
1090 4233 1134 4282 est
1154 4225 1228 4282 utin
1244 4224 1308 4283 Cat.

161 4330 225 4391 Lll.
254 4352 268 4391 2
296 4331 412 4391 scrofa
441 4343 483 4391 ter
505 4332 683 4404 Victorinus
713 4343 841 4391 struma
867 4330 971 4389 Atilius
995 4329 1218 4391 Fortunatianus
1241 4349 1308 4390 cum
