<?xml version="1.0" encoding="UTF-8"?>
<!DOCTYPE html PUBLIC "-//W3C//DTD XHTML 1.0 Transitional//EN"
    "http://www.w3.org/TR/xhtml1/DTD/xhtml1-transitional.dtd">
<html xmlns="http://www.w3.org/1999/xhtml" xml:lang="en" lang="en">
 <head>
  <title>
</title>
<meta http-equiv="Content-Type" content="text/html;charset=utf-8" />
  <meta name='ocr-system' content='tesseract 3.04.00' />
  <meta name='ocr-capabilities' content='ocr_page ocr_carea ocr_par ocr_line ocrx_word'/>
</head>
<body>
  <div class='ocr_page' id='page_1' title='image "./catulliliber00catugoog_0419.png"; bbox 0 0 2872 5002; ppageno 0'>
   <div class='ocr_carea' id='block_1_1' title="bbox 243 402 924 463">
    <p class='ocr_par' dir='ltr' id='par_1_1' title="bbox 243 402 924 463">
     <span class='ocr_line' id='line_1_1' title="bbox 243 402 924 463; baseline 0.004 -5"><span class='ocrx_word' id='word_1_1' title='bbox 243 403 302 460; x_wconf 78' lang='lat'><em>³10</em></span> <span class='ocrx_word' id='word_1_2' title='bbox 711 402 924 463; x_wconf 86' lang='lat' dir='ltr'>EXCVRSVS</span> 
     </span>
    </p>
   </div>
   <div class='ocr_carea' id='block_1_2' title="bbox 225 562 1398 4540">
    <p class='ocr_par' dir='ltr' id='par_1_2' title="bbox 227 562 1398 1013">
     <span class='ocr_line' id='line_1_2' title="bbox 240 562 1392 640; baseline 0.005 -20"><span class='ocrx_word' id='word_1_3' title='bbox 240 562 279 621; x_wconf 90' lang='lat' dir='ltr'><em>In</em></span> <span class='ocrx_word' id='word_1_4' title='bbox 296 566 357 622; x_wconf 74' lang='lat' dir='ltr'><em>titre</em></span> <span class='ocrx_word' id='word_1_5' title='bbox 375 570 454 623; x_wconf 82' lang='lat' dir='ltr'><em>stans</em></span> <span class='ocrx_word' id='word_1_6' title='bbox 473 567 550 624; x_wconf 85' lang='lat' dir='ltr'><em>clare</em></span> <span class='ocrx_word' id='word_1_7' title='bbox 570 568 655 625; x_wconf 80' lang='lat' dir='ltr'><em>nrinis</em></span> <span class='ocrx_word' id='word_1_8' title='bbox 674 574 702 625; x_wconf 93' lang='lat' dir='ltr'><em>et</em></span> <span class='ocrx_word' id='word_1_9' title='bbox 717 586 813 626; x_wconf 83' lang='lat' dir='ltr'><em>sonore</em></span> <span class='ocrx_word' id='word_1_10' title='bbox 833 567 967 626; x_wconf 87' lang='lat' dir='ltr'><em>oscitauit</em></span> <span class='ocrx_word' id='word_1_11' title='bbox 991 572 1070 640; x_wconf 85' lang='lat' dir='ltr'><em>atque</em></span> <span class='ocrx_word' id='word_1_12' title='bbox 1090 565 1165 623; x_wconf 74' lang='lat' dir='ltr'><em>rnr&#39;bi</em></span> <span class='ocrx_word' id='word_1_13' title='bbox 1182 572 1216 623; x_wconf 91' lang='lat' dir='ltr'><em>ut</em></span> <span class='ocrx_word' id='word_1_14' title='bbox 1231 565 1392 639; x_wconf 70' lang='lat' dir='ltr'><em>plecteretur</em></span> 
     </span>
     <span class='ocr_line' id='line_1_3' title="bbox 227 663 1393 742; baseline 0.001 -24"><span class='ocrx_word' id='word_1_15' title='bbox 227 663 305 738; x_wconf 88' lang='lat' dir='ltr'><em>suit,</em></span> <span class='ocrx_word' id='word_1_16' title='bbox 327 668 458 736; x_wconf 79' lang='lat' dir='ltr'><em>tanquam</em></span> <span class='ocrx_word' id='word_1_17' title='bbox 479 664 555 721; x_wconf 86' lang='lat' dir='ltr'><em>illud</em></span> <span class='ocrx_word' id='word_1_18' title='bbox 571 665 704 724; x_wconf 67' lang='lat' dir='ltr'><em>inlinunt</em></span> <span class='ocrx_word' id='word_1_19' title='bbox 724 671 792 724; x_wconf 85' lang='lat' dir='ltr'><em>esset</em></span> <span class='ocrx_word' id='word_1_20' title='bbox 810 667 884 742; x_wconf 84' lang='lat' dir='ltr'><em>uagi</em></span> <span class='ocrx_word' id='word_1_21' title='bbox 902 666 995 723; x_wconf 79' lang='lat' dir='ltr'><em>amnti</em></span> <span class='ocrx_word' id='word_1_22' title='bbox 1012 671 1039 722; x_wconf 88' lang='lat' dir='ltr'><em>et</em></span> <span class='ocrx_word' id='word_1_23' title='bbox 1056 665 1228 722; x_wconf 76' lang='lat' dir='ltr'><em>alucinantis</em></span> <span class='ocrx_word' id='word_1_24' title='bbox 1247 669 1276 720; x_wconf 88' lang='lat' dir='ltr'><em>et</em></span> <span class='ocrx_word' id='word_1_25' title='bbox 1287 663 1393 737; x_wconf 80' lang='lat' dir='ltr'><em>fluxae</em></span> 
     </span>
     <span class='ocr_line' id='line_1_4' title="bbox 239 759 1392 841; baseline 0.001 -24"><span class='ocrx_word' id='word_1_26' title='bbox 239 765 318 834; x_wconf 87' lang='lat' dir='ltr'><em>atque</em></span> <span class='ocrx_word' id='word_1_27' title='bbox 338 769 447 836; x_wconf 81' lang='lat' dir='ltr'><em>apertae</em></span> <span class='ocrx_word' id='word_1_28' title='bbox 466 764 632 833; x_wconf 81' lang='lat' dir='ltr'><em>securitatis,</em></span> <span class='ocrx_word' id='word_1_29' title='bbox 651 763 730 822; x_wconf 89' lang='lat' dir='ltr'><em>unde</em></span> <span class='ocrx_word' id='word_1_30' title='bbox 747 765 856 841; x_wconf 89' lang='lat' dir='ltr'><em>optime</em></span> <span class='ocrx_word' id='word_1_31' title='bbox 877 764 1032 821; x_wconf 86' lang='lat' dir='ltr'><em>illustratur</em></span> <span class='ocrx_word' id='word_1_32' title='bbox 1045 761 1126 838; x_wconf 92' lang='lat' dir='ltr'><em>quod</em></span> <span class='ocrx_word' id='word_1_33' title='bbox 1145 762 1214 820; x_wconf 90' lang='lat' dir='ltr'><em>dicit</em></span> <span class='ocrx_word' id='word_1_34' title='bbox 1236 759 1392 818; x_wconf 82' lang='lat' dir='ltr'><em>Terentius</em></span> 
     </span>
     <span class='ocr_line' id='line_1_5' title="bbox 239 855 1398 934; baseline 0.001 -21"><span class='ocrx_word' id='word_1_35' title='bbox 239 855 331 914; x_wconf 83' lang='lat' dir='ltr'><strong>Andr.</strong></span> <span class='ocrx_word' id='word_1_36' title='bbox 354 858 377 915; x_wconf 87' lang='grc' dir='ltr'><em>Ι.</em></span> <span class='ocrx_word' id='word_1_37' title='bbox 403 878 428 915; x_wconf 88' lang='lat'><em>2.</em></span> <span class='ocrx_word' id='word_1_38' title='bbox 455 876 491 916; x_wconf 92' lang='lat'><em>10</em></span> <span class='ocrx_word' id='word_1_39' title='bbox 513 858 661 934; x_wconf 84' lang='lat' dir='ltr'><em>Sperantes</em></span> <span class='ocrx_word' id='word_1_40' title='bbox 688 864 744 919; x_wconf 80' lang='grc' dir='ltr'>ιἀπι</span> <span class='ocrx_word' id='word_1_41' title='bbox 772 867 860 918; x_wconf 83' lang='lat' dir='ltr'><em>anate</em></span> <span class='ocrx_word' id='word_1_42' title='bbox 884 865 956 917; x_wconf 84' lang='lat' dir='ltr'><em>nutu</em></span> <span class='ocrx_word' id='word_1_43' title='bbox 976 861 1081 917; x_wconf 81' lang='lat' dir='ltr'><em>interea</em></span> <span class='ocrx_word' id='word_1_44' title='bbox 1103 858 1254 918; x_wconf 80' lang='lat' dir='ltr'><em>oscitantis</em></span> <span class='ocrx_word' id='word_1_45' title='bbox 1275 857 1398 932; x_wconf 83' lang='lat' dir='ltr'><em>opprrini</em></span> 
     </span>
     <span class='ocr_line' id='line_1_6' title="bbox 240 954 449 1013; baseline 0.005 -1"><span class='ocrx_word' id='word_1_46' title='bbox 240 954 268 1012; x_wconf 93' lang='lat' dir='ltr'><em>h.</em></span> <span class='ocrx_word' id='word_1_47' title='bbox 280 973 306 1012; x_wconf 90' lang='lat' dir='ltr'><em>e.</em></span> <span class='ocrx_word' id='word_1_48' title='bbox 322 973 449 1013; x_wconf 87' lang='lat' dir='ltr'><em>securos.</em></span> 
     </span>
    </p>

    <p class='ocr_par' dir='ltr' id='par_1_3' title="bbox 225 1051 1395 3542">
     <span class='ocr_line' id='line_1_7' title="bbox 281 1051 1392 1130; baseline -0.002 -22"><span class='ocrx_word' id='word_1_49' title='bbox 281 1051 362 1111; x_wconf 91' lang='lat' dir='ltr'><em>Hinc</em></span> <span class='ocrx_word' id='word_1_50' title='bbox 386 1062 508 1129; x_wconf 85' lang='lat' dir='ltr'><em>apparet</em></span> <span class='ocrx_word' id='word_1_51' title='bbox 532 1054 689 1113; x_wconf 78' lang='lat' dir='ltr'><em>oscitantes</em></span> <span class='ocrx_word' id='word_1_52' title='bbox 715 1072 777 1113; x_wconf 91' lang='lat' dir='ltr'><em>non</em></span> <span class='ocrx_word' id='word_1_53' title='bbox 801 1072 889 1130; x_wconf 87' lang='lat' dir='ltr'><em>posse</em></span> <span class='ocrx_word' id='word_1_54' title='bbox 910 1053 988 1113; x_wconf 90' lang='lat' dir='ltr'><em>idem</em></span> <span class='ocrx_word' id='word_1_55' title='bbox 1009 1071 1075 1112; x_wconf 88' lang='lat' dir='ltr'><em>esse</em></span> <span class='ocrx_word' id='word_1_56' title='bbox 1096 1052 1177 1130; x_wconf 93' lang='lat' dir='ltr'><em>quod</em></span> <span class='ocrx_word' id='word_1_57' title='bbox 1201 1051 1392 1111; x_wconf 82' lang='lat' dir='ltr'><em>clamitantes.</em></span> 
     </span>
     <span class='ocr_line' id='line_1_8' title="bbox 239 1147 1392 1228; baseline 0 -22"><span class='ocrx_word' id='word_1_58' title='bbox 239 1147 310 1207; x_wconf 91' lang='lat' dir='ltr'><em>Non</em></span> <span class='ocrx_word' id='word_1_59' title='bbox 325 1159 423 1208; x_wconf 89' lang='lat' dir='ltr'><em>tamen</em></span> <span class='ocrx_word' id='word_1_60' title='bbox 437 1151 546 1210; x_wconf 91' lang='lat' dir='ltr'><em>idcirco</em></span> <span class='ocrx_word' id='word_1_61' title='bbox 561 1153 730 1227; x_wconf 82' lang='lat' dir='ltr'><em>negauerim</em></span> <span class='ocrx_word' id='word_1_62' title='bbox 744 1153 780 1211; x_wconf 90' lang='lat' dir='ltr'><em>de</em></span> <span class='ocrx_word' id='word_1_63' title='bbox 796 1153 899 1211; x_wconf 88' lang='lat' dir='ltr'><em>auibus</em></span> <span class='ocrx_word' id='word_1_64' title='bbox 912 1152 942 1210; x_wconf 93' lang='lat' dir='ltr'><em>id</em></span> <span class='ocrx_word' id='word_1_65' title='bbox 957 1151 1003 1210; x_wconf 88' lang='lat' dir='ltr'><em>hic</em></span> <span class='ocrx_word' id='word_1_66' title='bbox 1017 1151 1157 1228; x_wconf 86' lang='lat' dir='ltr'><em>usurpari.</em></span> <span class='ocrx_word' id='word_1_67' title='bbox 1200 1148 1295 1207; x_wconf 91' lang='lat' dir='ltr'><em>Hiant</em></span> <span class='ocrx_word' id='word_1_68' title='bbox 1315 1151 1392 1207; x_wconf 88' lang='lat' dir='ltr'><em>enim</em></span> 
     </span>
     <span class='ocr_line' id='line_1_9' title="bbox 239 1246 1391 1326; baseline 0.002 -23"><span class='ocrx_word' id='word_1_69' title='bbox 239 1247 355 1322; x_wconf 85' lang='lat' dir='ltr'><em>saepius</em></span> <span class='ocrx_word' id='word_1_70' title='bbox 384 1265 462 1317; x_wconf 90' lang='lat' dir='ltr'><em>aues,</em></span> <span class='ocrx_word' id='word_1_71' title='bbox 491 1249 647 1326; x_wconf 86' lang='lat' dir='ltr'><em>praecipue</em></span> <span class='ocrx_word' id='word_1_72' title='bbox 674 1251 705 1306; x_wconf 92' lang='lat' dir='ltr'><em>in</em></span> <span class='ocrx_word' id='word_1_73' title='bbox 733 1267 822 1325; x_wconf 91' lang='lat' dir='ltr'><em>opere</em></span> <span class='ocrx_word' id='word_1_74' title='bbox 850 1247 995 1307; x_wconf 86' lang='lat' dir='ltr'><em>Venereo.</em></span> <span class='ocrx_word' id='word_1_75' title='bbox 1050 1247 1122 1306; x_wconf 91' lang='lat' dir='ltr'><em>Plin.</em></span> <span class='ocrx_word' id='word_1_76' title='bbox 1145 1246 1188 1304; x_wconf 93' lang='lat' dir='ltr'><em>H.</em></span> <span class='ocrx_word' id='word_1_77' title='bbox 1212 1246 1250 1305; x_wconf 93' lang='lat' dir='ltr'><em>N.</em></span> <span class='ocrx_word' id='word_1_78' title='bbox 1273 1247 1310 1304; x_wconf 80' lang='lat' dir='ltr'>X</span> <span class='ocrx_word' id='word_1_79' title='bbox 1337 1265 1391 1305; x_wconf 87' lang='lat' dir='ltr'><em>roa</em></span> 
     </span>
     <span class='ocr_line' id='line_1_10' title="bbox 239 1341 1395 1422; baseline 0.002 -23"><span class='ocrx_word' id='word_1_80' title='bbox 239 1341 337 1416; x_wconf 86' lang='lat' dir='ltr'><em>Neque</em></span> <span class='ocrx_word' id='word_1_81' title='bbox 363 1346 393 1401; x_wconf 88' lang='lat' dir='ltr'><em>in</em></span> <span class='ocrx_word' id='word_1_82' title='bbox 421 1345 479 1402; x_wconf 72' lang='lat' dir='ltr'><em>aliie</em></span> <span class='ocrx_word' id='word_1_83' title='bbox 505 1348 627 1403; x_wconf 81' lang='lat' dir='ltr'><em>ane&#39;enali</em></span> <span class='ocrx_word' id='word_1_84' title='bbox 642 1358 700 1422; x_wconf 84' lang='lat' dir='ltr'><em>par</em></span> <span class='ocrx_word' id='word_1_85' title='bbox 724 1357 791 1422; x_wconf 83' lang='lat' dir='ltr'><em>opus</em></span> <span class='ocrx_word' id='word_1_86' title='bbox 813 1345 946 1404; x_wconf 78' lang='lat' dir='ltr'><em>libidinis.</em></span> <span class='ocrx_word' id='word_1_87' title='bbox 988 1343 1029 1404; x_wconf 89' lang='lat' dir='ltr'><em>Si</em></span> <span class='ocrx_word' id='word_1_88' title='bbox 1044 1352 1139 1403; x_wconf 80' lang='lat' dir='ltr'><em>contra</em></span> <span class='ocrx_word' id='word_1_89' title='bbox 1160 1347 1251 1402; x_wconf 75' lang='lat' dir='ltr'><em>narii</em></span> <span class='ocrx_word' id='word_1_90' title='bbox 1271 1347 1395 1403; x_wconf 78' lang='lat' dir='ltr'><em>steterint</em></span> 
     </span>
     <span class='ocr_line' id='line_1_11' title="bbox 225 1437 1391 1519; baseline 0.003 -24"><span class='ocrx_word' id='word_1_91' title='bbox 225 1438 354 1514; x_wconf 77' lang='lat' dir='ltr'><em>feminae</em></span> <span class='ocrx_word' id='word_1_92' title='bbox 377 1437 526 1519; x_wconf 70' lang='lat' dir='ltr'><em>(perduint)</em></span> <span class='ocrx_word' id='word_1_93' title='bbox 547 1461 621 1499; x_wconf 88' lang='lat' dir='ltr'><em>aura</em></span> <span class='ocrx_word' id='word_1_94' title='bbox 641 1443 677 1502; x_wconf 88' lang='lat' dir='ltr'><em>al</em></span> <span class='ocrx_word' id='word_1_95' title='bbox 697 1443 742 1501; x_wconf 82' lang='lat' dir='ltr'><em>his</em></span> <span class='ocrx_word' id='word_1_96' title='bbox 754 1443 846 1519; x_wconf 79' lang='lat' dir='ltr'><em>flante</em></span> <span class='ocrx_word' id='word_1_97' title='bbox 862 1448 1048 1518; x_wconf 79' lang='lat' dir='ltr'><em>praegnantes</em></span> <span class='ocrx_word' id='word_1_98' title='bbox 1063 1441 1151 1516; x_wconf 78' lang='lat' dir='ltr'><em>fiunt,</em></span> <span class='ocrx_word' id='word_1_99' title='bbox 1173 1441 1283 1499; x_wconf 79' lang='lat' dir='ltr'><em>hiantes</em></span> <span class='ocrx_word' id='word_1_100' title='bbox 1304 1448 1391 1499; x_wconf 81' lang='lat' dir='ltr'><em>auten</em></span> 
     </span>
     <span class='ocr_line' id='line_1_12' title="bbox 236 1538 1391 1616; baseline 0.003 -23"><span class='ocrx_word' id='word_1_101' title='bbox 236 1544 349 1594; x_wconf 87' lang='lat' dir='ltr'><em>exserta</em></span> <span class='ocrx_word' id='word_1_102' title='bbox 376 1539 476 1615; x_wconf 78' lang='lat' dir='ltr'><em>lingua</em></span> <span class='ocrx_word' id='word_1_103' title='bbox 497 1549 552 1614; x_wconf 82' lang='lat' dir='ltr'><em>per</em></span> <span class='ocrx_word' id='word_1_104' title='bbox 572 1541 605 1597; x_wconf 87' lang='lat' dir='ltr'><em>id</em></span> <span class='ocrx_word' id='word_1_105' title='bbox 628 1548 730 1616; x_wconf 82' lang='lat' dir='ltr'><em>ternpus</em></span> <span class='ocrx_word' id='word_1_106' title='bbox 757 1547 890 1597; x_wconf 87' lang='lat' dir='ltr'><em>aestuant.</em></span> <span class='ocrx_word' id='word_1_107' title='bbox 933 1538 1081 1616; x_wconf 82' lang='lat' dir='ltr'><em>Aristoph.</em></span> <span class='ocrx_word' id='word_1_108' title='bbox 1107 1539 1205 1615; x_wconf 80' lang='lat' dir='ltr'><em>Equit.</em></span> <span class='ocrx_word' id='word_1_109' title='bbox 1231 1543 1290 1615; x_wconf 84' lang='lat'><em>956</em></span> <span class='ocrx_word' id='word_1_110' title='bbox 1313 1544 1391 1612; x_wconf 74' lang='grc' dir='ltr'>λάροι</span> 
     </span>
     <span class='ocr_line' id='line_1_13' title="bbox 237 1636 1390 1714; baseline 0.007 -26"><span class='ocrx_word' id='word_1_111' title='bbox 237 1638 347 1705; x_wconf 76' lang='grc' dir='ltr'>κεχηνὼς</span> <span class='ocrx_word' id='word_1_112' title='bbox 375 1638 416 1692; x_wconf 76' lang='grc' dir='ltr'><em>ἐπὶ</em></span> <span class='ocrx_word' id='word_1_113' title='bbox 444 1639 537 1708; x_wconf 72' lang='grc' dir='ltr'>πέτραι</span> <span class='ocrx_word' id='word_1_114' title='bbox 564 1639 719 1711; x_wconf 73' lang='grc' dir='ltr'><strong><em>δημηγορῶν.</em></strong></span> <span class='ocrx_word' id='word_1_115' title='bbox 762 1637 866 1696; x_wconf 86' lang='lat' dir='ltr'><em>Eubul.</em></span> <span class='ocrx_word' id='word_1_116' title='bbox 895 1656 941 1714; x_wconf 83' lang='lat' dir='ltr'><em>ap.</em></span> <span class='ocrx_word' id='word_1_117' title='bbox 970 1637 1099 1696; x_wconf 77' lang='lat' dir='ltr'><em>Meinelt.</em></span> <span class='ocrx_word' id='word_1_118' title='bbox 1127 1636 1247 1713; x_wconf 72' lang='lat' dir='ltr'><em>Frugm.</em></span> <span class='ocrx_word' id='word_1_119' title='bbox 1277 1637 1390 1696; x_wconf 84' lang='lat' dir='ltr'><em>Comic.</em></span> 
     </span>
     <span class='ocr_line' id='line_1_14' title="bbox 237 1730 1389 1811; baseline 0.003 -23"><span class='ocrx_word' id='word_1_120' title='bbox 237 1730 340 1789; x_wconf 80' lang='lat' dir='ltr'><em>Graec.</em></span> <span class='ocrx_word' id='word_1_121' title='bbox 357 1732 411 1791; x_wconf 86' lang='lat' dir='ltr'><em>III.</em></span> <span class='ocrx_word' id='word_1_122' title='bbox 431 1735 489 1792; x_wconf 87' lang='lat'><em>260</em></span> <span class='ocrx_word' id='word_1_123' title='bbox 508 1739 574 1807; x_wconf 82' lang='grc' dir='ltr'><strong><em>χῆνα</em></strong></span> <span class='ocrx_word' id='word_1_124' title='bbox 593 1735 780 1809; x_wconf 72' lang='grc' dir='ltr'>πλαπνγέζοντα</span> <span class='ocrx_word' id='word_1_125' title='bbox 800 1735 841 1792; x_wconf 69' lang='grc' dir='ltr'><em>καὶ</em></span> <span class='ocrx_word' id='word_1_126' title='bbox 861 1741 990 1807; x_wconf 80' lang='grc' dir='ltr'>κεχηνότα</span> <span class='ocrx_word' id='word_1_127' title='bbox 1033 1734 1188 1811; x_wconf 83' lang='lat' dir='ltr'><em>Ephippus</em></span> <span class='ocrx_word' id='word_1_128' title='bbox 1206 1736 1245 1793; x_wconf 89' lang='lat' dir='ltr'><em>ib.</em></span> <span class='ocrx_word' id='word_1_129' title='bbox 1260 1732 1317 1792; x_wconf 84' lang='lat' dir='ltr'><em>III.</em></span> <span class='ocrx_word' id='word_1_130' title='bbox 1333 1738 1389 1808; x_wconf 85' lang='lat'><em>326</em></span> 
     </span>
     <span class='ocr_line' id='line_1_15' title="bbox 236 1827 1389 1912; baseline 0.006 -28"><span class='ocrx_word' id='word_1_131' title='bbox 236 1827 366 1900; x_wconf 77' lang='grc' dir='ltr'>ε’φέλησεν</span> <span class='ocrx_word' id='word_1_132' title='bbox 379 1834 437 1903; x_wconf 73' lang='grc' dir='ltr'>οὐχὶ</span> <span class='ocrx_word' id='word_1_133' title='bbox 452 1835 620 1903; x_wconf 76' lang='grc' dir='ltr'>συμπιέσασα</span> <span class='ocrx_word' id='word_1_134' title='bbox 634 1838 664 1890; x_wconf 83' lang='grc' dir='ltr'><em>τὸ</em></span> <span class='ocrx_word' id='word_1_135' title='bbox 678 1839 763 1904; x_wconf 83' lang='grc' dir='ltr'>στόμα</span> <span class='ocrx_word' id='word_1_136' title='bbox 781 1829 786 1912; x_wconf 83' lang='grc' dir='ltr'>Ι</span> <span class='ocrx_word' id='word_1_137' title='bbox 804 1837 894 1905; x_wconf 71' lang='grc' dir='ltr'>ὥσπερ</span> <span class='ocrx_word' id='word_1_138' title='bbox 906 1835 1029 1904; x_wconf 83' lang='grc' dir='ltr'>πολέμιον</span> <span class='ocrx_word' id='word_1_139' title='bbox 1042 1834 1111 1888; x_wconf 75' lang='grc' dir='ltr'>α’λλδ</span> <span class='ocrx_word' id='word_1_140' title='bbox 1124 1838 1194 1888; x_wconf 77' lang='grc' dir='ltr'>τοῖσι</span> <span class='ocrx_word' id='word_1_141' title='bbox 1216 1833 1364 1906; x_wconf 71' lang='grc' dir='ltr'>προσθίοις</span> <span class='ocrx_word' id='word_1_142' title='bbox 1383 1827 1389 1911; x_wconf 77' lang='grc' dir='ltr'>Ι</span> 
     </span>
     <span class='ocr_line' id='line_1_16' title="bbox 235 1929 1388 2008; baseline 0.003 -27"><span class='ocrx_word' id='word_1_143' title='bbox 235 1929 361 1998; x_wconf 82' lang='grc' dir='ltr'>χαννοῦσ’</span> <span class='ocrx_word' id='word_1_144' title='bbox 388 1932 486 2000; x_wconf 74' lang='grc' dir='ltr'>ὁμοίως,</span> <span class='ocrx_word' id='word_1_145' title='bbox 513 1930 547 1988; x_wconf 87' lang='lat' dir='ltr'><em>cl.</em></span> <span class='ocrx_word' id='word_1_146' title='bbox 574 1930 821 2008; x_wconf 80' lang='lat' dir='ltr'><em>Aristophaneum</em></span> <span class='ocrx_word' id='word_1_147' title='bbox 846 1931 1013 2006; x_wconf 81' lang='lat' dir='ltr'><em>Aristyllum</em></span> <span class='ocrx_word' id='word_1_148' title='bbox 1033 1931 1062 1989; x_wconf 78' lang='grc' dir='ltr'>δι</span> <span class='ocrx_word' id='word_1_149' title='bbox 1082 1931 1118 1986; x_wconf 85' lang='grc' dir='ltr'>δι’</span> <span class='ocrx_word' id='word_1_150' title='bbox 1139 1933 1328 2004; x_wconf 69' lang='grc' dir='ltr'>αἰσχρουργίας</span> <span class='ocrx_word' id='word_1_151' title='bbox 1351 1933 1388 1986; x_wconf 75' lang='grc' dir='ltr'><em>ἀεὶ</em></span> 
     </span>
     <span class='ocr_line' id='line_1_17' title="bbox 237 2024 1391 2105; baseline 0.007 -28"><span class='ocrx_word' id='word_1_152' title='bbox 237 2024 359 2095; x_wconf 60' lang='lat' dir='ltr'><em>erexisse.</em></span> <span class='ocrx_word' id='word_1_153' title='bbox 402 2024 575 2102; x_wconf 86' lang='lat' dir='ltr'><em>Largiamur</em></span> <span class='ocrx_word' id='word_1_154' title='bbox 603 2029 689 2105; x_wconf 83' lang='lat' dir='ltr'><em>igitur</em></span> <span class='ocrx_word' id='word_1_155' title='bbox 717 2031 910 2087; x_wconf 82' lang='lat' dir='ltr'><em>oscitantes</em></span> <span class='ocrx_word' id='word_1_156' title='bbox 935 2028 973 2086; x_wconf 84' lang='lat' dir='ltr'><em>ad</em></span> <span class='ocrx_word' id='word_1_157' title='bbox 998 2046 1068 2087; x_wconf 90' lang='lat' dir='ltr'><em>aues</em></span> <span class='ocrx_word' id='word_1_158' title='bbox 1091 2025 1149 2086; x_wconf 88' lang='lat' dir='ltr'><em>hoc</em></span> <span class='ocrx_word' id='word_1_159' title='bbox 1178 2044 1267 2085; x_wconf 85' lang='lat' dir='ltr'><em>sensu</em></span> <span class='ocrx_word' id='word_1_160' title='bbox 1295 2026 1391 2085; x_wconf 88' lang='lat' dir='ltr'><em>releni</em></span> 
     </span>
     <span class='ocr_line' id='line_1_18' title="bbox 236 2123 1389 2203; baseline 0.005 -25"><span class='ocrx_word' id='word_1_161' title='bbox 236 2137 333 2194; x_wconf 89' lang='lat' dir='ltr'><em>posse.</em></span> <span class='ocrx_word' id='word_1_162' title='bbox 377 2123 480 2183; x_wconf 82' lang='lat' dir='ltr'><em>Restat</em></span> <span class='ocrx_word' id='word_1_163' title='bbox 497 2135 528 2183; x_wconf 90' lang='lat' dir='ltr'><em>ut</em></span> <span class='ocrx_word' id='word_1_164' title='bbox 545 2127 643 2203; x_wconf 86' lang='lat' dir='ltr'><em>priora</em></span> <span class='ocrx_word' id='word_1_165' title='bbox 661 2125 709 2184; x_wconf 89' lang='lat' dir='ltr'><em>illa</em></span> <span class='ocrx_word' id='word_1_166' title='bbox 725 2127 847 2185; x_wconf 91' lang='lat' dir='ltr'><em>mulier</em></span> <span class='ocrx_word' id='word_1_167' title='bbox 861 2145 942 2185; x_wconf 89' lang='lat' dir='ltr'><em>aues</em></span> <span class='ocrx_word' id='word_1_168' title='bbox 961 2126 1032 2203; x_wconf 91' lang='lat' dir='ltr'><em>quid</em></span> <span class='ocrx_word' id='word_1_169' title='bbox 1052 2127 1142 2185; x_wconf 92' lang='lat' dir='ltr'><em>uelint</em></span> <span class='ocrx_word' id='word_1_170' title='bbox 1163 2126 1389 2184; x_wconf 71' lang='lat' dir='ltr'><em>consideremus.</em></span> 
     </span>
     <span class='ocr_line' id='line_1_19' title="bbox 235 2214 1390 2300; baseline 0.007 -27"><span class='ocrx_word' id='word_1_171' title='bbox 235 2214 272 2274; x_wconf 91' lang='lat' dir='ltr'><em>In</em></span> <span class='ocrx_word' id='word_1_172' title='bbox 297 2221 403 2295; x_wconf 90' lang='lat' dir='ltr'><em>quibus</em></span> <span class='ocrx_word' id='word_1_173' title='bbox 428 2234 527 2298; x_wconf 86' lang='lat' dir='ltr'><em>aperte</em></span> <span class='ocrx_word' id='word_1_174' title='bbox 548 2236 715 2300; x_wconf 90' lang='lat' dir='ltr'><em>corruptum</em></span> <span class='ocrx_word' id='word_1_175' title='bbox 736 2235 781 2283; x_wconf 90' lang='lat' dir='ltr'><em>est</em></span> <span class='ocrx_word' id='word_1_176' title='bbox 802 2242 904 2296; x_wconf 87' lang='lat' dir='ltr'><em>aues;</em></span> <span class='ocrx_word' id='word_1_177' title='bbox 940 2243 1010 2283; x_wconf 91' lang='lat' dir='ltr'><em>nam</em></span> <span class='ocrx_word' id='word_1_178' title='bbox 1035 2242 1090 2283; x_wconf 91' lang='lat' dir='ltr'><em>nec</em></span> <span class='ocrx_word' id='word_1_179' title='bbox 1111 2235 1238 2282; x_wconf 88' lang='lat' dir='ltr'><em>metrum</em></span> <span class='ocrx_word' id='word_1_180' title='bbox 1259 2234 1317 2282; x_wconf 86' lang='lat' dir='ltr'><em>stat</em></span> <span class='ocrx_word' id='word_1_181' title='bbox 1337 2241 1390 2281; x_wconf 88' lang='lat' dir='ltr'><em>nec</em></span> 
     </span>
     <span class='ocr_line' id='line_1_20' title="bbox 235 2315 1390 2394; baseline 0.005 -21"><span class='ocrx_word' id='word_1_182' title='bbox 235 2315 363 2388; x_wconf 86' lang='lat' dir='ltr'><em>priorem</em></span> <span class='ocrx_word' id='word_1_183' title='bbox 378 2330 491 2394; x_wconf 88' lang='lat' dir='ltr'><em>partem</em></span> <span class='ocrx_word' id='word_1_184' title='bbox 505 2338 606 2379; x_wconf 89' lang='lat' dir='ltr'><em>uersus</em></span> <span class='ocrx_word' id='word_1_185' title='bbox 621 2323 651 2378; x_wconf 91' lang='lat' dir='ltr'><em>in</em></span> <span class='ocrx_word' id='word_1_186' title='bbox 666 2339 712 2379; x_wconf 89' lang='lat' dir='ltr'><em>-es</em></span> <span class='ocrx_word' id='word_1_187' title='bbox 731 2322 837 2380; x_wconf 85' lang='lat' dir='ltr'><em>exiisse</em></span> <span class='ocrx_word' id='word_1_188' title='bbox 857 2320 945 2379; x_wconf 91' lang='lat' dir='ltr'><em>credo</em></span> <span class='ocrx_word' id='word_1_189' title='bbox 967 2339 1004 2378; x_wconf 88' lang='lat' dir='ltr'><em>ne</em></span> <span class='ocrx_word' id='word_1_190' title='bbox 1026 2337 1110 2379; x_wconf 85' lang='lat' dir='ltr'><em>aures</em></span> <span class='ocrx_word' id='word_1_191' title='bbox 1131 2320 1296 2379; x_wconf 80' lang='lat' dir='ltr'><em>offenderet</em></span> <span class='ocrx_word' id='word_1_192' title='bbox 1318 2321 1390 2379; x_wconf 89' lang='lat' dir='ltr'><em>eius·</em></span> 
     </span>
     <span class='ocr_line' id='line_1_21' title="bbox 235 2414 1390 2493; baseline 0.003 -23"><span class='ocrx_word' id='word_1_193' title='bbox 235 2414 316 2471; x_wconf 90' lang='lat' dir='ltr'><em>modi</em></span> <span class='ocrx_word' id='word_1_194' title='bbox 330 2415 475 2488; x_wconf 70' lang='grc' dir='ltr'>παρήχησις</span> <span class='ocrx_word' id='word_1_195' title='bbox 489 2418 517 2474; x_wconf 93' lang='lat' dir='ltr'><em>in</em></span> <span class='ocrx_word' id='word_1_196' title='bbox 532 2419 701 2493; x_wconf 85' lang='lat' dir='ltr'><em>posteriore.</em></span> <span class='ocrx_word' id='word_1_197' title='bbox 746 2418 830 2477; x_wconf 90' lang='lat' dir='ltr'><em>Idem</em></span> <span class='ocrx_word' id='word_1_198' title='bbox 845 2417 921 2476; x_wconf 85' lang='lat' dir='ltr'><em>cadit</em></span> <span class='ocrx_word' id='word_1_199' title='bbox 934 2418 1024 2476; x_wconf 87' lang='lat' dir='ltr'><em>etiam</em></span> <span class='ocrx_word' id='word_1_200' title='bbox 1043 2419 1075 2475; x_wconf 92' lang='lat' dir='ltr'><em>in</em></span> <span class='ocrx_word' id='word_1_201' title='bbox 1096 2416 1206 2477; x_wconf 86' lang='lat' dir='ltr'><em>alites.</em></span> <span class='ocrx_word' id='word_1_202' title='bbox 1250 2417 1281 2476; x_wconf 90' lang='lat' dir='ltr'><em>Si</em></span> <span class='ocrx_word' id='word_1_203' title='bbox 1304 2419 1390 2476; x_wconf 89' lang='lat' dir='ltr'><em>totius</em></span> 
     </span>
     <span class='ocr_line' id='line_1_22' title="bbox 235 2508 1389 2592; baseline 0.005 -26"><span class='ocrx_word' id='word_1_204' title='bbox 235 2508 291 2567; x_wconf 92' lang='lat' dir='ltr'><em>loci</em></span> <span class='ocrx_word' id='word_1_205' title='bbox 311 2515 485 2574; x_wconf 86' lang='lat' dir='ltr'><em>sententiam</em></span> <span class='ocrx_word' id='word_1_206' title='bbox 506 2517 685 2592; x_wconf 89' lang='lat' dir='ltr'><em>respicimus,</em></span> <span class='ocrx_word' id='word_1_207' title='bbox 701 2515 814 2575; x_wconf 89' lang='lat' dir='ltr'><em>uidetur</em></span> <span class='ocrx_word' id='word_1_208' title='bbox 828 2514 959 2574; x_wconf 85' lang='lat' dir='ltr'><em>Catullus</em></span> <span class='ocrx_word' id='word_1_209' title='bbox 979 2514 1036 2574; x_wconf 91' lang='lat' dir='ltr'><em>hoc</em></span> <span class='ocrx_word' id='word_1_210' title='bbox 1057 2514 1241 2591; x_wconf 85' lang='lat' dir='ltr'><em>significare;</em></span> <span class='ocrx_word' id='word_1_211' title='bbox 1265 2513 1389 2572; x_wconf 86' lang='lat' dir='ltr'><em>‘Thalle</em></span> 
     </span>
     <span class='ocr_line' id='line_1_23' title="bbox 236 2609 1389 2690; baseline 0.004 -25"><span class='ocrx_word' id='word_1_212' title='bbox 236 2609 309 2684; x_wconf 90' lang='lat' dir='ltr'><em>‘qui</em></span> <span class='ocrx_word' id='word_1_213' title='bbox 330 2611 518 2671; x_wconf 85' lang='lat' dir='ltr'><em>mollissimus</em></span> <span class='ocrx_word' id='word_1_214' title='bbox 536 2632 569 2672; x_wconf 88' lang='lat' dir='ltr'><em>es</em></span> <span class='ocrx_word' id='word_1_215' title='bbox 589 2623 677 2689; x_wconf 90' lang='lat' dir='ltr'><em>atque</em></span> <span class='ocrx_word' id='word_1_216' title='bbox 697 2613 776 2672; x_wconf 90' lang='lat' dir='ltr'><em>idem</em></span> <span class='ocrx_word' id='word_1_217' title='bbox 797 2613 1002 2690; x_wconf 88' lang='lat' dir='ltr'><em>rapacissimus</em></span> <span class='ocrx_word' id='word_1_218' title='bbox 1023 2614 1048 2671; x_wconf 88' lang='lat' dir='ltr'><em>si</em></span> <span class='ocrx_word' id='word_1_219' title='bbox 1068 2612 1141 2672; x_wconf 88' lang='lat' dir='ltr'><em>lorte</em></span> <span class='ocrx_word' id='word_1_220' title='bbox 1162 2613 1258 2689; x_wconf 82' lang='lat' dir='ltr'><em>aliqua</em></span> <span class='ocrx_word' id='word_1_221' title='bbox 1280 2613 1389 2671; x_wconf 77' lang='lat' dir='ltr'><em>ocensi-</em></span> 
     </span>
     <span class='ocr_line' id='line_1_24' title="bbox 235 2707 1390 2788; baseline 0.003 -25"><span class='ocrx_word' id='word_1_222' title='bbox 235 2707 347 2765; x_wconf 88' lang='lat' dir='ltr'><em>‘onem</em></span> <span class='ocrx_word' id='word_1_223' title='bbox 369 2720 471 2767; x_wconf 90' lang='lat' dir='ltr'><em>nactus</em></span> <span class='ocrx_word' id='word_1_224' title='bbox 492 2728 523 2769; x_wconf 91' lang='lat' dir='ltr'><em>es</em></span> <span class='ocrx_word' id='word_1_225' title='bbox 545 2712 666 2783; x_wconf 82' lang='lat' dir='ltr'><em>iurandi,</em></span> <span class='ocrx_word' id='word_1_226' title='bbox 689 2731 741 2788; x_wconf 90' lang='lat' dir='ltr'><em>per</em></span> <span class='ocrx_word' id='word_1_227' title='bbox 762 2711 978 2788; x_wconf 85' lang='lat' dir='ltr'><em>neglegentiam</em></span> <span class='ocrx_word' id='word_1_228' title='bbox 999 2728 1102 2769; x_wconf 89' lang='lat' dir='ltr'><em>eorum</em></span> <span class='ocrx_word' id='word_1_229' title='bbox 1124 2711 1301 2786; x_wconf 87' lang='lat' dir='ltr'><em>quibuscum</em></span> <span class='ocrx_word' id='word_1_230' title='bbox 1327 2728 1390 2767; x_wconf 92' lang='lat' dir='ltr'><em>uer-</em></span> 
     </span>
     <span class='ocr_line' id='line_1_25' title="bbox 236 2804 1389 2882; baseline 0.004 -23"><span class='ocrx_word' id='word_1_231' title='bbox 236 2804 346 2862; x_wconf 86' lang='lat' dir='ltr'><em>‘saris&#39;</em></span> <span class='ocrx_word' id='word_1_232' title='bbox 362 2806 408 2862; x_wconf 89' lang='lat' dir='ltr'><em>uel</em></span> <span class='ocrx_word' id='word_1_233' title='bbox 430 2808 454 2864; x_wconf 90' lang='lat' dir='ltr'><em>si</em></span> <span class='ocrx_word' id='word_1_234' title='bbox 476 2808 579 2882; x_wconf 83' lang='lat' dir='ltr'><em>legitur</em></span> <span class='ocrx_word' id='word_1_235' title='bbox 598 2808 755 2867; x_wconf 86' lang='lat' dir='ltr'><em>ollendet</em></span> <span class='ocrx_word' id='word_1_236' title='bbox 771 2807 903 2878; x_wconf 69' lang='lat' dir='ltr'><em>‘Thalle</em></span> <span class='ocrx_word' id='word_1_237' title='bbox 919 2808 969 2882; x_wconf 91' lang='lat' dir='ltr'><em>qui</em></span> <span class='ocrx_word' id='word_1_238' title='bbox 989 2807 1176 2866; x_wconf 84' lang='lat' dir='ltr'><em>mollissimus</em></span> <span class='ocrx_word' id='word_1_239' title='bbox 1198 2825 1231 2865; x_wconf 92' lang='lat' dir='ltr'><em>es</em></span> <span class='ocrx_word' id='word_1_240' title='bbox 1252 2806 1389 2882; x_wconf 84' lang='lat' dir='ltr'><em>idemque</em></span> 
     </span>
     <span class='ocr_line' id='line_1_26' title="bbox 235 2902 1389 2981; baseline 0.003 -24"><span class='ocrx_word' id='word_1_241' title='bbox 235 2902 462 2975; x_wconf 88' lang='lat' dir='ltr'><em>‘rapacissimus</em></span> <span class='ocrx_word' id='word_1_242' title='bbox 474 2923 481 2973; x_wconf 90' lang='lat'>;</span> <span class='ocrx_word' id='word_1_243' title='bbox 512 2907 625 2964; x_wconf 88' lang='lat' dir='ltr'><em>remitte</em></span> <span class='ocrx_word' id='word_1_244' title='bbox 650 2905 721 2962; x_wconf 90' lang='lat' dir='ltr'><em>mihi</em></span> <span class='ocrx_word' id='word_1_245' title='bbox 742 2922 817 2981; x_wconf 86' lang='lat' dir='ltr'><em>quae</em></span> <span class='ocrx_word' id='word_1_246' title='bbox 839 2922 905 2961; x_wconf 90' lang='lat' dir='ltr'><em>mea</em></span> <span class='ocrx_word' id='word_1_247' title='bbox 930 2913 997 2962; x_wconf 91' lang='lat' dir='ltr'><em>sunt</em></span> <span class='ocrx_word' id='word_1_248' title='bbox 1021 2905 1044 2961; x_wconf 92' lang='lat' dir='ltr'><em>si</em></span> <span class='ocrx_word' id='word_1_249' title='bbox 1069 2905 1258 2961; x_wconf 88' lang='lat' dir='ltr'><em>occasionem</em></span> <span class='ocrx_word' id='word_1_250' title='bbox 1288 2913 1389 2960; x_wconf 86' lang='lat' dir='ltr'><em>nactus</em></span> 
     </span>
     <span class='ocr_line' id='line_1_27' title="bbox 235 2993 1388 3072; baseline 0.005 -22"><span class='ocrx_word' id='word_1_251' title='bbox 235 2999 242 3024; x_wconf 91' lang='lat'>‘</span> <span class='ocrx_word' id='word_1_252' title='bbox 258 2993 344 3053; x_wconf 83' lang='lat' dir='ltr'><em>fueris</em></span> <span class='ocrx_word' id='word_1_253' title='bbox 367 2997 474 3072; x_wconf 89' lang='lat' dir='ltr'><em>aliquid</em></span> <span class='ocrx_word' id='word_1_254' title='bbox 494 3019 530 3057; x_wconf 86' lang='lat' dir='ltr'><em>ex</em></span> <span class='ocrx_word' id='word_1_255' title='bbox 545 3000 606 3059; x_wconf 87' lang='lat' dir='ltr'><em>aliis</em></span> <span class='ocrx_word' id='word_1_256' title='bbox 621 3001 734 3060; x_wconf 83' lang='lat' dir='ltr'><em>iurandi</em></span> <span class='ocrx_word' id='word_1_257' title='bbox 743 3001 767 3060; x_wconf 83' lang='lat' dir='ltr'><em>l&#39;</em></span> <span class='ocrx_word' id='word_1_258' title='bbox 791 3000 879 3058; x_wconf 88' lang='lat' dir='ltr'><em>Vnde</em></span> <span class='ocrx_word' id='word_1_259' title='bbox 894 3001 918 3058; x_wconf 93' lang='lat' dir='ltr'><em>si</em></span> <span class='ocrx_word' id='word_1_260' title='bbox 932 3000 968 3057; x_wconf 94' lang='lat' dir='ltr'><em>de</em></span> <span class='ocrx_word' id='word_1_261' title='bbox 983 3001 1085 3058; x_wconf 91' lang='lat' dir='ltr'><em>auibus</em></span> <span class='ocrx_word' id='word_1_262' title='bbox 1100 3000 1172 3058; x_wconf 83' lang='lat' dir='ltr'><em>dixit</em></span> <span class='ocrx_word' id='word_1_263' title='bbox 1185 2999 1320 3058; x_wconf 88' lang='lat' dir='ltr'><em>Catullus</em></span> <span class='ocrx_word' id='word_1_264' title='bbox 1334 2999 1388 3056; x_wconf 92' lang='lat' dir='ltr'><em>hoc</em></span> 
     </span>
     <span class='ocr_line' id='line_1_28' title="bbox 236 3090 1388 3175; baseline 0.005 -27"><span class='ocrx_word' id='word_1_265' title='bbox 236 3090 313 3162; x_wconf 86' lang='lat' dir='ltr'><em>locu,</em></span> <span class='ocrx_word' id='word_1_266' title='bbox 329 3093 408 3164; x_wconf 84' lang='lat' dir='ltr'><em>dixit,</em></span> <span class='ocrx_word' id='word_1_267' title='bbox 424 3106 455 3152; x_wconf 91' lang='lat' dir='ltr'><em>ut</em></span> <span class='ocrx_word' id='word_1_268' title='bbox 476 3098 596 3168; x_wconf 90' lang='lat' dir='ltr'><em>uidetur,</em></span> <span class='ocrx_word' id='word_1_269' title='bbox 613 3118 665 3174; x_wconf 90' lang='lat' dir='ltr'><em>per</em></span> <span class='ocrx_word' id='word_1_270' title='bbox 679 3099 890 3175; x_wconf 89' lang='lat' dir='ltr'><em>metaphoram,</em></span> <span class='ocrx_word' id='word_1_271' title='bbox 906 3107 955 3155; x_wconf 87' lang='lat' dir='ltr'><em>aut</em></span> <span class='ocrx_word' id='word_1_272' title='bbox 976 3097 1001 3154; x_wconf 89' lang='lat' dir='ltr'><em>si</em></span> <span class='ocrx_word' id='word_1_273' title='bbox 1021 3115 1092 3156; x_wconf 88' lang='lat' dir='ltr'><em>aues</em></span> <span class='ocrx_word' id='word_1_274' title='bbox 1113 3098 1241 3172; x_wconf 85' lang='lat' dir='ltr'><em>respexit</em></span> <span class='ocrx_word' id='word_1_275' title='bbox 1263 3107 1295 3155; x_wconf 90' lang='lat' dir='ltr'><em>ut</em></span> <span class='ocrx_word' id='word_1_276' title='bbox 1317 3114 1388 3173; x_wconf 89' lang='lat' dir='ltr'><em>quae</em></span> 
     </span>
     <span class='ocr_line' id='line_1_29' title="bbox 236 3190 1386 3272; baseline 0.004 -27"><span class='ocrx_word' id='word_1_277' title='bbox 236 3190 353 3264; x_wconf 86' lang='lat' dir='ltr'><em>signum</em></span> <span class='ocrx_word' id='word_1_278' title='bbox 382 3192 483 3250; x_wconf 87' lang='lat' dir='ltr'><em>darent</em></span> <span class='ocrx_word' id='word_1_279' title='bbox 511 3196 665 3269; x_wconf 90' lang='lat' dir='ltr'><em>procellae,</em></span> <span class='ocrx_word' id='word_1_280' title='bbox 691 3195 767 3254; x_wconf 85' lang='lat' dir='ltr'><em>hanc</em></span> <span class='ocrx_word' id='word_1_281' title='bbox 793 3196 1036 3272; x_wconf 81' lang='lat' dir='ltr'><em>significationem</em></span> <span class='ocrx_word' id='word_1_282' title='bbox 1059 3212 1127 3252; x_wconf 90' lang='lat' dir='ltr'><em>cum</em></span> <span class='ocrx_word' id='word_1_283' title='bbox 1153 3194 1201 3251; x_wconf 89' lang='lat' dir='ltr'><em>illa</em></span> <span class='ocrx_word' id='word_1_284' title='bbox 1227 3195 1386 3253; x_wconf 83' lang='lat' dir='ltr'><em>coniunxit</em></span> 
     </span>
     <span class='ocr_line' id='line_1_30' title="bbox 237 3285 1388 3367; baseline 0.004 -23"><span class='ocrx_word' id='word_1_285' title='bbox 237 3285 302 3345; x_wconf 89' lang='lat' dir='ltr'><em>Iam</em></span> <span class='ocrx_word' id='word_1_286' title='bbox 318 3291 467 3364; x_wconf 87' lang='lat' dir='ltr'><em>quaerenti</em></span> <span class='ocrx_word' id='word_1_287' title='bbox 489 3290 526 3348; x_wconf 90' lang='lat' dir='ltr'><em>de</em></span> <span class='ocrx_word' id='word_1_288' title='bbox 548 3310 676 3366; x_wconf 87' lang='lat' dir='ltr'><em>quanam</em></span> <span class='ocrx_word' id='word_1_289' title='bbox 698 3312 752 3351; x_wconf 90' lang='lat' dir='ltr'><em>aue</em></span> <span class='ocrx_word' id='word_1_290' title='bbox 774 3295 834 3352; x_wconf 89' lang='lat' dir='ltr'><em>iure</em></span> <span class='ocrx_word' id='word_1_291' title='bbox 856 3295 988 3353; x_wconf 88' lang='lat' dir='ltr'><em>oscitatio</em></span> <span class='ocrx_word' id='word_1_292' title='bbox 1011 3293 1058 3350; x_wconf 91' lang='lat' dir='ltr'><em>illa</em></span> <span class='ocrx_word' id='word_1_293' title='bbox 1079 3292 1135 3350; x_wconf 89' lang='lat' dir='ltr'><em>dici</em></span> <span class='ocrx_word' id='word_1_294' title='bbox 1157 3293 1294 3367; x_wconf 88' lang='lat' dir='ltr'><em>potuerit,</em></span> <span class='ocrx_word' id='word_1_295' title='bbox 1313 3293 1388 3350; x_wconf 91' lang='lat' dir='ltr'><em>uenit</em></span> 
     </span>
     <span class='ocr_line' id='line_1_31' title="bbox 232 3388 1385 3467; baseline 0.003 -24"><span class='ocrx_word' id='word_1_296' title='bbox 232 3388 264 3444; x_wconf 92' lang='lat' dir='ltr'><em>in</em></span> <span class='ocrx_word' id='word_1_297' title='bbox 285 3396 416 3446; x_wconf 89' lang='lat' dir='ltr'><em>mentem</em></span> <span class='ocrx_word' id='word_1_298' title='bbox 437 3389 536 3460; x_wconf 72' lang='grc' dir='ltr'>κέπφοι</span> <span class='ocrx_word' id='word_1_299' title='bbox 554 3389 600 3447; x_wconf 92' lang='lat' dir='ltr'><em>ille</em></span> <span class='ocrx_word' id='word_1_300' title='bbox 622 3389 854 3467; x_wconf 85' lang='lat' dir='ltr'><em>Aristophaneus</em></span> <span class='ocrx_word' id='word_1_301' title='bbox 876 3392 925 3466; x_wconf 91' lang='lat' dir='ltr'><em>qui</em></span> <span class='ocrx_word' id='word_1_302' title='bbox 946 3390 1044 3449; x_wconf 86' lang='lat' dir='ltr'><em>auium</em></span> <span class='ocrx_word' id='word_1_303' title='bbox 1066 3389 1252 3448; x_wconf 87' lang='lat' dir='ltr'><em>stultissimus</em></span> <span class='ocrx_word' id='word_1_304' title='bbox 1272 3389 1385 3448; x_wconf 86' lang='lat' dir='ltr'><em>habitus</em></span> 
     </span>
     <span class='ocr_line' id='line_1_32' title="bbox 233 3495 284 3542; baseline -0.02 -1"><span class='ocrx_word' id='word_1_305' title='bbox 233 3495 284 3542; x_wconf 90' lang='lat' dir='ltr'><em>est.</em></span> 
     </span>
    </p>

    <p class='ocr_par' dir='ltr' id='par_1_4' title="bbox 229 3584 1386 4540">
     <span class='ocr_line' id='line_1_33' title="bbox 272 3584 1384 3661; baseline 0.003 -21"><span class='ocrx_word' id='word_1_306' title='bbox 272 3584 422 3661; x_wconf 81' lang='lat' dir='ltr'><em>Aristoph.</em></span> <span class='ocrx_word' id='word_1_307' title='bbox 445 3586 505 3644; x_wconf 81' lang='lat' dir='ltr'><em>Pax</em></span> <span class='ocrx_word' id='word_1_308' title='bbox 531 3589 606 3661; x_wconf 83' lang='lat'><em>1067</em></span> <span class='ocrx_word' id='word_1_309' title='bbox 629 3591 669 3644; x_wconf 80' lang='grc' dir='ltr'><em>καὶ</em></span> <span class='ocrx_word' id='word_1_310' title='bbox 691 3590 785 3658; x_wconf 90' lang='grc' dir='ltr'>κέπφοι</span> <span class='ocrx_word' id='word_1_311' title='bbox 805 3590 931 3661; x_wconf 71' lang='grc' dir='ltr'>τρήρωνες</span> <span class='ocrx_word' id='word_1_312' title='bbox 955 3589 1141 3643; x_wconf 72' lang='grc' dir='ltr'><em>ἀλωπεκιδεῦσι</em></span> <span class='ocrx_word' id='word_1_313' title='bbox 1165 3586 1294 3652; x_wconf 83' lang='grc' dir='ltr'>πέπεισθε</span> <span class='ocrx_word' id='word_1_314' title='bbox 1320 3586 1347 3644; x_wconf 92' lang='lat' dir='ltr'><em>h.</em></span> <span class='ocrx_word' id='word_1_315' title='bbox 1362 3605 1384 3643; x_wconf 85' lang='lat' dir='ltr'><em>e.</em></span> 
     </span>
     <span class='ocr_line' id='line_1_34' title="bbox 233 3680 1386 3759; baseline 0.003 -21"><span class='ocrx_word' id='word_1_316' title='bbox 233 3680 424 3743; x_wconf 78' lang='lat' dir='ltr'><em>stultissimae.</em></span> <span class='ocrx_word' id='word_1_317' title='bbox 476 3686 519 3742; x_wconf 87' lang='lat' dir='ltr'><em>Ibi</em></span> <span class='ocrx_word' id='word_1_318' title='bbox 550 3686 712 3744; x_wconf 81' lang='lat' dir='ltr'><em>Scholiasta</em></span> <span class='ocrx_word' id='word_1_319' title='bbox 737 3688 839 3759; x_wconf 88' lang='grc' dir='ltr'>κέπφοι·</span> <span class='ocrx_word' id='word_1_320' title='bbox 861 3689 949 3758; x_wconf 74' lang='grc' dir='ltr'>εὔηθες</span> <span class='ocrx_word' id='word_1_321' title='bbox 970 3691 1034 3755; x_wconf 72' lang='grc' dir='ltr'>ζῶον</span> <span class='ocrx_word' id='word_1_322' title='bbox 1053 3689 1068 3740; x_wconf 88' lang='lat' dir='ltr'><em>d</em></span> <span class='ocrx_word' id='word_1_323' title='bbox 1088 3686 1188 3757; x_wconf 81' lang='grc' dir='ltr'>κέπφοι</span> <span class='ocrx_word' id='word_1_324' title='bbox 1207 3685 1240 3740; x_wconf 76' lang='grc' dir='ltr'>οὗ</span> <span class='ocrx_word' id='word_1_325' title='bbox 1268 3687 1386 3757; x_wconf 84' lang='grc' dir='ltr'>μέμνηται</span> 
     </span>
     <span class='ocr_line' id='line_1_35' title="bbox 231 3780 1385 3861; baseline 0.005 -30"><span class='ocrx_word' id='word_1_326' title='bbox 231 3780 272 3832; x_wconf 75' lang='grc' dir='ltr'><em>καὶ</em></span> <span class='ocrx_word' id='word_1_327' title='bbox 294 3780 433 3855; x_wconf 77' lang='grc' dir='ltr'>Νίκανδρος</span> <span class='ocrx_word' id='word_1_328' title='bbox 447 3782 594 3861; x_wconf 81' lang='lat' dir='ltr'><em>(Alexlph.</em></span> <span class='ocrx_word' id='word_1_329' title='bbox 614 3781 683 3858; x_wconf 83' lang='lat'>166)</span> <span class='ocrx_word' id='word_1_330' title='bbox 702 3787 743 3839; x_wconf 75' lang='lat' dir='ltr'><em>nul</em></span> <span class='ocrx_word' id='word_1_331' title='bbox 758 3784 869 3856; x_wconf 77' lang='grc' dir='ltr'>Ἀρατοι</span> <span class='ocrx_word' id='word_1_332' title='bbox 889 3787 948 3856; x_wconf 78' lang='grc' dir='ltr'>περὶ</span> <span class='ocrx_word' id='word_1_333' title='bbox 968 3790 1019 3838; x_wconf 86' lang='grc' dir='ltr'><em>τῶν</em></span> <span class='ocrx_word' id='word_1_334' title='bbox 1040 3785 1179 3852; x_wconf 77' lang='grc' dir='ltr'>διοσημιῶν</span> <span class='ocrx_word' id='word_1_335' title='bbox 1200 3784 1385 3856; x_wconf 79' lang='grc' dir='ltr'>διαλεγόμενοι,</span> 
     </span>
     <span class='ocr_line' id='line_1_36' title="bbox 231 3875 1385 3958; baseline 0.003 -26"><span class='ocrx_word' id='word_1_336' title='bbox 231 3875 317 3953; x_wconf 80' lang='grc'>(184)</span> <span class='ocrx_word' id='word_1_337' title='bbox 332 3883 372 3934; x_wconf 81' lang='grc' dir='ltr'><em>καὶ</em></span> <span class='ocrx_word' id='word_1_338' title='bbox 387 3883 552 3950; x_wconf 80' lang='grc' dir='ltr'>Καλλίμαχοι</span> <span class='ocrx_word' id='word_1_339' title='bbox 574 3881 601 3935; x_wconf 83' lang='grc' dir='ltr'><em>έν</em></span> <span class='ocrx_word' id='word_1_340' title='bbox 621 3885 676 3938; x_wconf 80' lang='grc' dir='ltr'>τοῖς</span> <span class='ocrx_word' id='word_1_341' title='bbox 697 3883 799 3950; x_wconf 76' lang='grc' dir='ltr'>ἰάμβοις</span> <span class='ocrx_word' id='word_1_342' title='bbox 817 3880 860 3958; x_wconf 82' lang='lat' dir='ltr'><em>(lt.</em></span> <span class='ocrx_word' id='word_1_343' title='bbox 879 3879 938 3958; x_wconf 83' lang='lat'><em>81).</em></span> <span class='ocrx_word' id='word_1_344' title='bbox 966 3884 993 3937; x_wconf 85' lang='grc' dir='ltr'><em>έκ</em></span> <span class='ocrx_word' id='word_1_345' title='bbox 1014 3883 1043 3936; x_wconf 67' lang='grc' dir='ltr'>δι’</span> <span class='ocrx_word' id='word_1_346' title='bbox 1063 3884 1107 3951; x_wconf 76' lang='grc' dir='ltr'><em>τῆς</em></span> <span class='ocrx_word' id='word_1_347' title='bbox 1127 3880 1267 3950; x_wconf 79' lang='grc' dir='ltr'>θαλάσαηι·</span> <span class='ocrx_word' id='word_1_348' title='bbox 1289 3885 1334 3951; x_wconf 71' lang='grc' dir='ltr'><em>(ἦν</em></span> <span class='ocrx_word' id='word_1_349' title='bbox 1347 3883 1385 3936; x_wconf 72' lang='lat' dir='ltr'><em>‹n’r</em></span> 
     </span>
     <span class='ocr_line' id='line_1_37' title="bbox 230 3978 1384 4052; baseline 0.005 -22"><span class='ocrx_word' id='word_1_350' title='bbox 230 3978 274 4030; x_wconf 87' lang='grc' dir='ltr'><em>τδν</em></span> <span class='ocrx_word' id='word_1_351' title='bbox 287 3978 418 4049; x_wconf 84' lang='grc' dir='ltr'>λέγουσιν,</span> <span class='ocrx_word' id='word_1_352' title='bbox 432 3980 553 4034; x_wconf 76' lang='grc' dir='ltr'>ἐσθίοντα</span> <span class='ocrx_word' id='word_1_353' title='bbox 565 3981 610 4033; x_wconf 82' lang='grc' dir='ltr'><em>τὸν</em></span> <span class='ocrx_word' id='word_1_354' title='bbox 623 3980 716 4051; x_wconf 80' lang='grc' dir='ltr'>ἀφρόν.</span> <span class='ocrx_word' id='word_1_355' title='bbox 761 3978 831 4035; x_wconf 80' lang='grc' dir='ltr'>Εἶναι</span> <span class='ocrx_word' id='word_1_356' title='bbox 845 3983 872 4035; x_wconf 78' lang='grc' dir='ltr'><em>δὲ</em></span> <span class='ocrx_word' id='word_1_357' title='bbox 892 3983 969 4035; x_wconf 76' lang='grc' dir='ltr'>αὐτὸν</span> <span class='ocrx_word' id='word_1_358' title='bbox 985 3982 1070 4035; x_wconf 78' lang='grc' dir='ltr'>πολὺν</span> <span class='ocrx_word' id='word_1_359' title='bbox 1089 3982 1135 4049; x_wconf 74' lang='grc' dir='ltr'><em>μέν</em></span> <span class='ocrx_word' id='word_1_360' title='bbox 1155 3980 1183 4035; x_wconf 86' lang='grc' dir='ltr'><em>έν</em></span> <span class='ocrx_word' id='word_1_361' title='bbox 1203 3984 1259 4037; x_wconf 74' lang='grc' dir='ltr'>τοῖς</span> <span class='ocrx_word' id='word_1_362' title='bbox 1279 3985 1384 4052; x_wconf 74' lang='grc' dir='ltr'>πτεροῖς,</span> 
     </span>
     <span class='ocr_line' id='line_1_38' title="bbox 231 4074 1384 4150; baseline 0.006 -23"><span class='ocrx_word' id='word_1_363' title='bbox 231 4074 320 4146; x_wconf 79' lang='grc' dir='ltr'>ὄλιγόν</span> <span class='ocrx_word' id='word_1_364' title='bbox 340 4077 368 4129; x_wconf 77' lang='grc' dir='ltr'><em>δέ</em></span> <span class='ocrx_word' id='word_1_365' title='bbox 389 4078 416 4131; x_wconf 89' lang='grc' dir='ltr'><em>έν</em></span> <span class='ocrx_word' id='word_1_366' title='bbox 429 4081 482 4134; x_wconf 82' lang='grc' dir='ltr'>τοῖς</span> <span class='ocrx_word' id='word_1_367' title='bbox 503 4076 601 4148; x_wconf 80' lang='grc' dir='ltr'>κρέασι,</span> <span class='ocrx_word' id='word_1_368' title='bbox 619 4080 659 4131; x_wconf 81' lang='grc' dir='ltr'><em>καὶ</em></span> <span class='ocrx_word' id='word_1_369' title='bbox 680 4079 826 4149; x_wconf 82' lang='grc' dir='ltr'>κεκραγέναι</span> <span class='ocrx_word' id='word_1_370' title='bbox 849 4080 982 4133; x_wconf 77' lang='grc' dir='ltr'>ὠδίνοντα·</span> <span class='ocrx_word' id='word_1_371' title='bbox 1008 4078 1068 4132; x_wconf 82' lang='grc' dir='ltr'>ὅθεν</span> <span class='ocrx_word' id='word_1_372' title='bbox 1089 4077 1212 4150; x_wconf 78' lang='grc' dir='ltr'>γενέσθαι</span> <span class='ocrx_word' id='word_1_373' title='bbox 1233 4079 1282 4147; x_wconf 74' lang='grc' dir='ltr'><em>τὴν</em></span> <span class='ocrx_word' id='word_1_374' title='bbox 1302 4101 1384 4149; x_wconf 72' lang='lat' dir='ltr'><em>nopae·</em></span> 
     </span>
     <span class='ocr_line' id='line_1_39' title="bbox 230 4171 1384 4247; baseline 0.004 -23"><span class='ocrx_word' id='word_1_375' title='bbox 230 4172 290 4240; x_wconf 81' lang='grc' dir='ltr'>μίαν</span> <span class='ocrx_word' id='word_1_376' title='bbox 305 4173 421 4244; x_wconf 62' lang='lat' dir='ltr'><em>‘xindas</em></span> <span class='ocrx_word' id='word_1_377' title='bbox 435 4171 529 4227; x_wconf 79' lang='grc' dir='ltr'>ὦδένει’</span> <span class='ocrx_word' id='word_1_378' title='bbox 545 4175 586 4230; x_wconf 74' lang='lat' dir='ltr'><em>int</em></span> <span class='ocrx_word' id='word_1_379' title='bbox 602 4180 653 4228; x_wconf 82' lang='grc' dir='ltr'><em>τῶν</em></span> <span class='ocrx_word' id='word_1_380' title='bbox 663 4174 891 4247; x_wconf 77' lang='grc' dir='ltr'>έπαγγελλομένων</span> <span class='ocrx_word' id='word_1_381' title='bbox 910 4176 957 4243; x_wconf 79' lang='grc' dir='ltr'><em>μέν</em></span> <span class='ocrx_word' id='word_1_382' title='bbox 976 4177 1085 4247; x_wconf 75' lang='grc' dir='ltr'>μεγάλα,</span> <span class='ocrx_word' id='word_1_383' title='bbox 1100 4175 1180 4244; x_wconf 73' lang='grc' dir='ltr'>μηδέν</span> <span class='ocrx_word' id='word_1_384' title='bbox 1200 4174 1230 4228; x_wconf 76' lang='grc' dir='ltr'><em>δὲ</em></span> <span class='ocrx_word' id='word_1_385' title='bbox 1251 4175 1327 4242; x_wconf 48' lang='lat' dir='ltr'><em>detor</em></span> <span class='ocrx_word' id='word_1_386' title='bbox 1346 4177 1384 4242; x_wconf 72' lang='grc' dir='ltr'><em>τῆς</em></span> 
     </span>
     <span class='ocr_line' id='line_1_40' title="bbox 230 4268 1383 4345; baseline 0.005 -24"><span class='ocrx_word' id='word_1_387' title='bbox 230 4268 384 4339; x_wconf 68' lang='grc' dir='ltr'>ἐπαγγελίαι</span> <span class='ocrx_word' id='word_1_388' title='bbox 404 4269 549 4327; x_wconf 78' lang='grc' dir='ltr'>ποιούντων.</span> <span class='ocrx_word' id='word_1_389' title='bbox 602 4270 675 4330; x_wconf 86' lang='lat' dir='ltr'><em>Plut.</em></span> <span class='ocrx_word' id='word_1_390' title='bbox 701 4289 758 4345; x_wconf 87' lang='lat'><em>912</em></span> <span class='ocrx_word' id='word_1_391' title='bbox 782 4272 802 4325; x_wconf 77' lang='grc' dir='ltr'><strong><em>ὦ</em></strong></span> <span class='ocrx_word' id='word_1_392' title='bbox 824 4272 916 4342; x_wconf 87' lang='grc' dir='ltr'>κέπφε,</span> <span class='ocrx_word' id='word_1_393' title='bbox 938 4272 988 4329; x_wconf 90' lang='lat' dir='ltr'><em>ubi</em></span> <span class='ocrx_word' id='word_1_394' title='bbox 1013 4270 1193 4329; x_wconf 74' lang='lat' dir='ltr'><em>scholiastae</em></span> <span class='ocrx_word' id='word_1_395' title='bbox 1215 4270 1308 4343; x_wconf 75' lang='grc' dir='ltr'>ὄρνεον</span> <span class='ocrx_word' id='word_1_396' title='bbox 1328 4271 1383 4341; x_wconf 80' lang='grc' dir='ltr'>ὅπερ</span> 
     </span>
     <span class='ocr_line' id='line_1_41' title="bbox 230 4365 1384 4441; baseline 0.007 -23"><span class='ocrx_word' id='word_1_397' title='bbox 230 4367 305 4433; x_wconf 84' lang='grc' dir='ltr'>φιλεῖ</span> <span class='ocrx_word' id='word_1_398' title='bbox 317 4365 404 4436; x_wconf 75' lang='grc' dir='ltr'>ἀφρὸν</span> <span class='ocrx_word' id='word_1_399' title='bbox 416 4367 553 4422; x_wconf 78' lang='grc' dir='ltr'>θαλάττιον</span> <span class='ocrx_word' id='word_1_400' title='bbox 565 4369 671 4424; x_wconf 71' lang='lat' dir='ltr'><em>ludicen·</em></span> <span class='ocrx_word' id='word_1_401' title='bbox 692 4371 733 4423; x_wconf 78' lang='lat' dir='ltr'><em>nai</em></span> <span class='ocrx_word' id='word_1_402' title='bbox 747 4372 771 4424; x_wconf 87' lang='lat' dir='ltr'><em>ol</em></span> <span class='ocrx_word' id='word_1_403' title='bbox 784 4371 874 4425; x_wconf 81' lang='grc' dir='ltr'>ποῖδει</span> <span class='ocrx_word' id='word_1_404' title='bbox 887 4375 939 4424; x_wconf 77' lang='grc' dir='ltr'><em>τῶν</em></span> <span class='ocrx_word' id='word_1_405' title='bbox 949 4370 1042 4424; x_wconf 79' lang='grc' dir='ltr'>ἁλιέων</span> <span class='ocrx_word' id='word_1_406' title='bbox 1055 4370 1234 4438; x_wconf 71' lang='grc' dir='ltr'>λαμβάνοντες</span> <span class='ocrx_word' id='word_1_407' title='bbox 1247 4373 1294 4425; x_wconf 77' lang='grc' dir='ltr'><em>τὸν</em></span> <span class='ocrx_word' id='word_1_408' title='bbox 1306 4369 1384 4441; x_wconf 60' lang='lat' dir='ltr'><em>lippit</em></span> 
     </span>
     <span class='ocr_line' id='line_1_42' title="bbox 229 4461 1383 4540; baseline 0.004 -24"><span class='ocrx_word' id='word_1_409' title='bbox 229 4461 351 4532; x_wconf 77' lang='grc' dir='ltr'>ῥέπουσι</span> <span class='ocrx_word' id='word_1_410' title='bbox 364 4467 394 4520; x_wconf 85' lang='grc' dir='ltr'><em>τὸ</em></span> <span class='ocrx_word' id='word_1_411' title='bbox 408 4471 510 4538; x_wconf 77' lang='grc' dir='ltr'>πρῶτον</span> <span class='ocrx_word' id='word_1_412' title='bbox 523 4465 656 4538; x_wconf 74' lang='grc' dir='ltr'>πόρρωθεν</span> <span class='ocrx_word' id='word_1_413' title='bbox 670 4463 724 4522; x_wconf 76' lang='grc' dir='ltr'>εἶτα</span> <span class='ocrx_word' id='word_1_414' title='bbox 742 4465 869 4538; x_wconf 79' lang='grc' dir='ltr'>ε’γγὺτατα</span> <span class='ocrx_word' id='word_1_415' title='bbox 883 4463 937 4522; x_wconf 70' lang='grc' dir='ltr'>εἶτα</span> <span class='ocrx_word' id='word_1_416' title='bbox 958 4469 995 4523; x_wconf 79' lang='lat' dir='ltr'><em>eis</em></span> <span class='ocrx_word' id='word_1_417' title='bbox 1014 4467 1060 4536; x_wconf 74' lang='grc' dir='ltr'><em>τὴν</em></span> <span class='ocrx_word' id='word_1_418' title='bbox 1080 4468 1155 4539; x_wconf 80' lang='grc' dir='ltr'>χεῖρα</span> <span class='ocrx_word' id='word_1_419' title='bbox 1176 4468 1223 4522; x_wconf 71' lang='lat' dir='ltr'><em>edu</em></span> <span class='ocrx_word' id='word_1_420' title='bbox 1244 4468 1332 4540; x_wconf 71' lang='grc' dir='ltr'>ἀφρὸν</span> <span class='ocrx_word' id='word_1_421' title='bbox 1350 4468 1383 4521; x_wconf 79' lang='lat' dir='ltr'><em>nl</em></span> 
     </span>
    </p>
   </div>
   <div class='ocr_carea' id='block_1_3' title="bbox 0 0 1440 5002">
    <p class='ocr_par' dir='ltr' id='par_1_5' title="bbox 0 0 1440 5002">
     <span class='ocr_line' id='line_1_43' title="bbox 0 0 1440 5002; baseline 0 2"><span class='ocrx_word' id='word_1_422' title='bbox 0 0 1440 5002; x_wconf 95' lang='lat' dir='ltr'><em> </em></span> 
     </span>
    </p>
   </div>
  </div>
 </body>
</html>
