2872 5002
226 214 283 272 lxvi
624 212 986 275 PROLEGOMENA.

229 399 289 471 Quo
309 399 353 456 die
372 397 504 456 Plotinae
523 397 615 457 latenti
635 397 776 456 rhetorici
790 399 907 473 prensus
923 394 1013 467 Rome
1026 397 1118 455 docere
1130 397 1221 472 coepit.
1264 395 1379 455 Ancaei

226 497 273 557 iric
300 494 428 556 Pueilorn
458 497 626 574 pnnrarr‘om
657 494 780 556 Clodei'r:
810 515 895 571 quone
921 495 1008 554 lesbii?
1036 515 1086 555 suo
1112 496 1233 572 appellat
1259 497 1290 554 in
1316 513 1379 554 cor·

225 597 305 655 mene.
366 583 581 654 Lasciuriescrel9
599 594 670 668 snei
695 601 722 652 ei
745 613 798 653 seeo
821 601 972 670 tempestae
990 605 1075 670 pares
1097 604 1203 670 paucos
1230 595 1262 651 in
1289 589 1381 653 dicirit

214 695 338 769 frenato
357 694 503 753 oratr'orre:
522 694 689 767 superiorem
709 693 809 752 haberi
825 695 965 751 nemnem.
983 694 1015 751 in
1035 693 1101 750 eice}
1120 691 1258 767 Apprime
1277 690 1382 766 lepidus

226 794 257 850 in
277 789 369 850 Serri}
395 809 460 849 uero
481 791 673 868 groeer'srirmes
700 792 797 849 extrui
819 791 922 850 erotica
949 792 1062 867 scrr'prit
1082 792 1108 864 §r
1128 785 1330 865 Epeilralonerir
1349 788 1381 849 in

226 891 370 948 munitiore.
411 889 496 948 Anno
516 908 581 947 uero
599 891 679 960 <miri
701 908 757 960 sur.
779 908 864 948 xxx.
886 887 975 960 Rome
995 891 1115 947 nominer
1134 887 1241 946 Elatus
1265 903 1383 947 moerore

221 988 342 1063 publico.

268 1086 304 1144 ln
318 1104 435 1146 summo
449 1084 520 1144 folio
535 1084 582 1143 110
596 1083 793 1144 ‘Hexte‘chren
810 1082 940 1143 Guorr'rri
955 1082 1113 1143 Veronensis
1126 1081 1258 1143 Orolon's
1271 1081 1383 1143 Clarii·

228 1187 318 1243 ‘senei
359 1183 399 1242 In
412 1184 532 1242 libellum
555 1183 663 1242 Valerii
678 1181 790 1244 Catelli
807 1184 867 1240 eius
886 1181 1016 1241 conaiee’s’
1030 1181 1216 1257 onatnrirrn
1237 1183 1318 1239 uenio
1332 1183 1381 1255 irc.

226 1293 288 1340 tum
304 1286 312 1311 ‘
331 1281 392 1340 Vol.
410 1280 522 1340 Catulli
540 1280 702 1341 Veronensis
722 1280 804 1352 Poete
826 1278 871 1339 CI.
893 1277 982 1338 Liber
1001 1280 1054 1336 Ad
1067 1278 1229 1339 Cornelriene
1246 1275 1382 1338 Gallione'

226 1399 244 1454 q
266 1379 317 1438 Voi
334 1381 402 1438 dono
423 1380 541 1456 lepe'duerr
563 1397 663 1438 noussen
684 1378 806 1437 libellum
828 1385 881 1437 irc.
933 1376 1074 1438 Carmina
1094 1377 1200 1437 Catulli
1228 1379 1259 1435 in
1287 1377 1384 1453 priore

227 1478 336 1554 pagina
349 1475 410 1535 folii
425 1495 502 1535 xxxv
517 1477 654 1536 finiuntur
667 1475 712 1534 his
727 1473 959 1536 uerbis‘CatuIli
974 1474 1134 1534 Veronensis
1146 1474 1384 1552 Epignomm

228 1572 372 1632 ‘libellus
386 1573 553 1651 Explicitus
566 1575 623 1634 est’

268 1672 401 1731 Alterum
422 1672 572 1749 exemplar
583 1691 644 1750 quc
665 1681 832 1731 constanter
853 1688 923 1730 usus
944 1688 1009 1730 sum
1030 1669 1120 1730 habet
1132 1669 1208 1730 foliis
1224 1689 1264 1744 30
1280 1669 1384 1729 Tibul-

228 1771 297 1842 lum,
313 1771 382 1829 dein
403 1788 465 1829 uno
486 1771 655 1846 interposito
677 1768 748 1828 lolio
770 1768 844 1827 foliis
867 1783 905 1842 35
924 1767 1078 1827 Catullum.
1121 1766 1209 1828 Caret
1230 1766 1384 1843 Propertio

229 1869 309 1927 Statii
331 1868 426 1939 siluis,
447 1869 635 1944 inscriptione
663 1868 701 1927 ad
729 1867 841 1929 calcem
863 1865 993 1924 ‘Tabula
1014 1866 1169 1924 librorurn'
1192 1872 1245 1925 lec.
1302 1864 1384 1926 Hine

229 1967 381 2042 suspiceris
406 1975 531 2044 quatuor
555 1978 658 2043 poetas
685 1963 853 2041 singillatim
884 1962 970 2022 simul
998 1975 1026 2023 et
1056 1965 1230 2024 coniunctos
1258 1964 1291 2023 in
1320 1979 1384 2022 uuo

228 2064 375 2123 uolumine
396 2064 546 2140 prodiisse,
567 2065 707 2141 temporis
726 2073 825 2123 autem
846 2073 947 2122 notam
969 2079 1029 2121 non
1051 2063 1194 2121 adIectam
1217 2060 1308 2120 luisse
1328 2062 1384 2120 nin

229 2164 278 2222 ubi
292 2163 442 2221 eonirmcti
457 2162 628 2239 legerentur.

271 2331 297 2387 3.
326 2309 424 2370 Editio
454 2311 619 2372 Parmensis
646 2313 715 2370 anni
746 2325 831 2388 1473.
873 2310 981 2370 Forma
1002 2311 1192 2388 quaternaria.
1232 2309 1323 2371 Foliis
1345 2325 1384 2387 35

228 2407 316 2468 habet
330 2408 484 2469 Catullum.
526 2409 625 2471 Primo
639 2409 710 2469 folio
732 2427 849 2467 summo
862 2408 954 2467 VAL.
969 2408 1150 2469 CATVLLI
1164 2407 1385 2470 VERONEN·

229 2507 287 2567 SIS
309 2506 475 2568 POETAE
497 2505 742 2570 DOCTISSIMI
764 2505 897 2565 LIBER.
938 2507 996 2566 AD
1017 2506 1271 2567 CORNELIVM
1285 2506 1384 2568 GAL-

229 2603 318 2665 LVM
341 2605 510 2665 INCIPIT.
553 2606 588 2664 In
603 2607 664 2665 imo
678 2605 748 2665 lolio
764 2615 817 2681 35⁰
830 2615 899 2681 post
913 2605 1032 2681 Affixus
1046 2605 1122 2663 nobis
1143 2613 1173 2663 tu
1192 2604 1261 2662 dale
1277 2607 1384 2682 suppli·

227 2704 299 2761 cium
341 2703 473 2762 adcitum
506 2715 551 2762 est
588 2703 699 2763 Catulli
731 2704 871 2761 neronisis
905 2704 1096 2778 epigrromoton
1129 2702 1236 2761 leiellres
1272 2703 1388 2778 explriri

229 2799 372 2859 Secuntur
389 2799 465 2859 foliis
480 2800 515 2857 61
535 2800 617 2858 Statii
639 2799 741 2871 Siluae,
757 2817 879 2877 quarum
894 2799 1045 2858 exordium
1060 2798 1117 2859 hoc
1131 2809 1175 2860 est
1196 2798 1228 2858 P.
1243 2792 1384 2860 PAPINI

230 2895 371 2956 STATII
387 2895 565 2955 SVRCVLI
588 2896 803 2955 SILVARVM
825 2894 948 2954 LIBER
970 2894 1135 2968 PRIMVS,
1148 2898 1266 2957 ultimus
1280 2915 1383 2957 uersus

229 2991 321 3052 Rrius
333 3001 389 3052 elo
403 3000 495 3052 nostro
516 2993 662 3054 ueniebant
675 2996 784 3071 gaudeo
803 2994 892 3064 uultu,
907 3004 1078 3071 postquem
1100 3004 1177 3054 stant
1197 2995 1272 3054 haec
1293 2996 1384 3061 uerba

230 3091 267 3149 P.
279 3090 404 3167 Papinii
415 3090 507 3150 Stalr'i
518 3091 606 3151 Liber
613 3082 683 3175 qn?
694 3094 831 3168 explicit:
854 3091 934 3170 quor}
941 3099 978 3148 no
988 3091 1078 3150 desen!
1085 3094 1138 3168 qui
1145 3092 1216 3150 neeis!
1220 3094 1360 3170 epistolam
1372 3114 1382 3151 .·

228 3209 297 3265 quoe
317 3188 430 3250 scribit*
453 3190 622 3249 Abascaniio
650 3191 785 3250 Priscille
805 3191 905 3247 murr'lo
926 3196 962 3246 no
982 3208 1038 3247 esse
1060 3190 1208 3265 principia?
1227 3192 1313 3271 prete:
1339 3189 1388 3250 sed

229 3289 373 3363 iterposite'r
386 3297 398 3347 i
411 3296 531 3365 quarto:
555 3288 690 3365 &pluas
708 3290 771 3347 solil
785 3290 815 3346 in
834 3285 919 3344 libros
936 3295 1055 3361 quatuor
1068 3306 1124 3345 esse
1143 3288 1260 3347 deicias.
1306 3288 1388 3361 Quod

229 3389 335 3463 quriiem
348 3394 456 3447 coslare
468 3385 560 3446 arilei*
578 3407 617 3446 ex
630 3388 676 3446 his
690 3386 782 3445 uerbis
791 3391 889 3462 poetae.
915 3382 1009 3454 Quare
1015 3387 1106 3460 pluro
1117 3391 1239 3461 {quarto
1246 3385 1383 3473 pluo&

230 3483 253 3563 ᾄ
266 3494 279 3543 i
286 3474 416 3561 priorib⁹
435 3485 570 3545 CorreeIrl
583 3507 618 3567 p.
627 3487 653 3543 d.
656 3487 796 3564 friterico
806 3482 956 3559 puteolani
968 3504 979 3541 .·
1002 3486 1029 3559 ᾇ
1043 3504 1106 3543 uere
1119 3485 1195 3543 ultro
1205 3488 1384 3561 inpressione

229 3587 343 3643 remetiri
352 3585 441 3661 faciei
455 3592 476 3641 i.
490 3586 532 3643 iii.
555 3571 651 3642 rnilib9
673 3584 738 3642 loeis
751 3583 884 3653 emmer,
901 3590 933 3650 f.
951 3580 1069 3642 Cornua
1080 3605 1091 3642 .·
1115 3581 1281 3659 &Syluon
1303 3591 1337 3642 re!
1353 3592 1385 3642 tu

230 3684 311 3741 lector
324 3670 408 3742 (rhoffi
423 3670 588 3758 exeplarff
599 3684 731 3758 experiri
735 3685 841 3759 poteris
853 3705 863 3742 .·
888 3685 929 3744 ita
943 3683 1053 3762 paullo
1066 3693 1110 3739 mu
1119 3681 1345 3759 ticilrgn'posrrit:
1358 3684 1384 3758 4·

229 3787 344 3841 coroa.
385 3779 554 3855 [inpressum
568 3779 695 3838 Parmae
708 3791 762 3856 per
776 3799 817 3837 me
830 3780 976 3860 Stephano
992 3780 1119 3842 Corollri.
1161 3779 1247 3837 Anno
1263 3778 1384 3840 Chresti.

231 3878 441 3938 Meccclxxri‘i.
476 3877 573 3936 secoro
607 3880 659 3936 col'
694 3877 881 3954 Septembris:
927 3878 1064 3956 Singulae
1092 3878 1217 3955 paginae
1245 3897 1385 3939 uersuum

232 3986 300 4035 sunt
322 3996 370 4052 34.

274 4134 300 4188 4.
330 4114 427 4176 Editio
455 4116 568 4177 Veneta
600 4130 685 4191 1475.
740 4116 839 4177 Habet
860 4116 1007 4177 Catullum
1027 4117 1177 4177 Tibullum
1199 4117 1384 4196 Propertium

233 4210 313 4271 Statii
328 4212 429 4276 Siluas.
472 4214 587 4291 Vbique
601 4213 659 4274 fere
673 4216 818 4275 consentit
832 4235 899 4276 cum
915 4215 961 4276 ed.
978 4214 1120 4291 Principe.
