2872 5002
574 349 632 407 AD
660 348 768 409 LXIV.
795 369 860 427 109.

517 575 721 661 nnneuon
743 603 780 662 ad
803 603 915 662 111111.

184 761 212 819 5.
335 747 497 807 Deuoluit
517 749 560 807 ile
582 761 683 808 acuto
704 749 769 807 sibi
790 750 939 826 pondere
961 749 1078 809 silicis.

181 869 303 928 Videtur
324 871 367 930 ile
392 871 477 930 simili
500 872 591 931 modo
616 872 722 931 dixisse
748 872 877 932 Catullus
900 890 960 948 quo
984 873 1100 950 palear
1123 874 1236 933 Seneca
1258 877 1288 934 in

139 967 305 1045 Hippolyto
324 986 410 1042 1044,
424 970 504 1047 quod
523 968 600 1028 haud
623 970 685 1028 scio
706 988 744 1028 an
766 988 890 1046 usquam
911 971 980 1030 alias
1001 972 1158 1047 reperiatur
1178 973 1208 1030 in
1230 974 1288 1032 sin·

138 1066 231 1142 gulari
254 1067 389 1145 positum.
438 1068 488 1126 Ile
516 1068 701 1127 hauddubie
729 1070 933 1145 reponendum
961 1080 1022 1129 erat
1046 1072 1076 1129 in
1099 1073 1227 1131 carmine
1251 1071 1288 1130 de

138 1165 262 1224 Perdica
275 1167 355 1243 quod
370 1164 544 1233 Behrensius
558 1167 648 1225 edidit
667 1169 721 1242 167
737 1186 792 1244 pro
806 1186 842 1226 eo
857 1169 938 1244 quod
952 1169 1046 1228 codex
1059 1167 1147 1228 habet
1161 1169 1226 1228 ille.

182 1261 238 1322 Pro
254 1263 417 1323 Deuoluit
430 1264 591 1323 Pleitnerus
605 1262 742 1342 (Studien
756 1283 784 1341 p.
801 1262 853 1343 37)
868 1266 992 1325 coniecit
1006 1266 1186 1326 Dissoluit.

183 1397 210 1453 9.
294 1378 483 1455 Typanum,
499 1380 614 1438 tubam
628 1378 798 1454 Cybelles,
813 1389 879 1451 tua,
894 1390 1009 1452 mater,
1024 1380 1131 1440 initia.

140 1491 199 1550 Pro
223 1494 336 1551 tubam
357 1494 433 1553 coni.
448 1493 557 1552 Munro
577 1492 753 1572 (Crr'licisms
772 1495 833 1551 and
849 1492 1046 1552 Elucriialrbus
1061 1513 1089 1571 p.
1108 1493 1178 1573 142)
1195 1504 1287 1571 lypum

139 1591 189 1648 uel
203 1599 305 1666 lupum,
317 1593 344 1650 h.
355 1611 380 1650 e.
392 1592 555 1651 icunculam
571 1592 677 1650 Attidis
692 1593 738 1649 uel
753 1590 885 1667 Cybeles,
902 1593 993 1652 allatis
1007 1593 1079 1652 locis
1094 1613 1130 1652 ex
1146 1593 1288 1670 Dionysio

142 1690 255 1765 (Antiq.
271 1690 310 1748 II.
330 1689 388 1769 19),
402 1690 524 1767 Polybio
539 1709 586 1766 ap.
599 1689 719 1750 Suidam
736 1693 771 1762 (s.
781 1709 808 1748 u.
820 1688 937 1769 Pellitur),
953 1691 1107 1751 Herodoto
1119 1688 1184 1770 (VI.
1197 1690 1228 1769 9)
1240 1692 1289 1750 ubi

140 1787 258 1859 τύμπανα
271 1789 400 1846 uulsinos
414 1789 592 1847 coniunctim
607 1798 813 1848 memorantur.

186 1900 233 1960 75.
255 1886 363 1945 Munro
379 1886 420 1945 sie
435 1887 532 1945 scribit

276 2002 416 2062 Geminas
438 2001 520 2061 deae
542 2013 603 2061 tam
623 2003 660 2062 ad
682 2002 773 2062 auris
794 2022 873 2062 noua
894 2003 995 2062 nuntia
1015 2003 1149 2064 reserens.

142 2122 149 2147 ‘
165 2116 303 2194 bringing
316 2116 383 2175 with
398 2117 478 2175 them
493 2125 523 2175 to
538 2118 585 2176 the
600 2128 658 2177 two
669 2116 733 2177 ear's
748 2117 784 2176 of
795 2119 842 2176 the
857 2118 987 2193 goddess
1002 2119 1110 2194 tidings
1124 2137 1159 2178 so
1174 2128 1291 2195 strange

142 2216 201 2275 and
217 2214 319 2274 novel?

185 2328 232 2388 77.
254 2313 311 2372 Pro
340 2313 557 2392 Laeuumque
583 2316 658 2373 coni.
685 2316 846 2375 Pleitnerus
869 2327 898 2375 et
922 2315 961 2375 K.
987 2316 1020 2374 P.
1043 2314 1192 2375 Schulzius
1214 2316 1289 2374 Sae-

140 2430 295 2488 uumque.
338 2411 411 2470 Mox
434 2413 464 2469 in
485 2430 512 2470 u.
537 2417 573 2471 82
596 2413 765 2472 fremitum
788 2415 867 2491 quod
889 2422 933 2472 est
953 2415 983 2470 in
1006 2413 1123 2472 Datano
1148 2423 1288 2490 tanquam

141 2510 342 2570 uehementius
367 2510 526 2570 Pleitnerus
553 2520 653 2571 censet
677 2512 860 2570 retinendum
881 2508 1016 2589 (Studien
1037 2529 1066 2589 p.
1092 2514 1143 2585 40)
1167 2510 1314 2601 fortasse¹

142 2619 227 2668 recte.

468 2740 708 2801 ADDENDVM
729 2741 767 2800 ad
789 2740 897 2801 LXIV.
917 2745 961 2800 16.

184 2874 274 2934 Hunc
288 2892 405 2934 uersum
420 2874 531 2933 Munro
545 2875 586 2933 sic
602 2876 699 2933 scribit
714 2894 741 2953 p.
761 2877 816 2946 146

347 2998 415 3058 Illac
438 2997 566 3077 (quaque
588 2999 643 3060 alia
651 2995 676 3076 l)
697 2998 832 3057 uiderunt
852 2998 916 3056 luce
938 2999 1072 3058 marinas.

469 3198 708 3259 anneunvnr
729 3199 767 3257 ad
788 3198 898 3257 inv.
918 3217 964 3274 23.

186 3335 294 3396 Versus
309 3334 426 3393 lacinias
441 3333 482 3392 sic
497 3334 614 3393 resarcit
628 3331 736 3390 Munro
751 3350 779 3408 p.
799 3345 853 3404 147

309 3457 425 3516 Heroes
447 3455 564 3527 saluete‚
587 3454 675 3514 deum
696 3471 779 3530 gens,
801 3470 820 3511 o
840 3454 921 3511 bona
942 3463 1067 3512 matrum

309 3555 467 3631 Progenies
487 3554 596 3612 saluete
617 3555 767 3628 iterumque
787 3552 936 3627 iterumque
957 3550 1099 3609 bonarum.

145 3695 213 3736 narn
229 3677 316 3737 deum
330 3696 404 3755 gens
418 3678 505 3736 etiam
519 3676 680 3753 Vergilium
695 3674 842 3752 scripsisse
857 3675 994 3751 urgelasne
1007 3673 1084 3730 deum
1094 3689 1164 3750 gens
1178 3671 1292 3730 Aenea?

145 3785 269 3834 matrum
284 3788 381 3835 autem
396 3776 506 3836 bonam
521 3775 691 3851 progeniem
712 3775 856 3832 bonarum
872 3771 913 3831 sic
927 3790 945 3830 a
959 3770 1074 3831 Catullo
1095 3771 1205 3829 dictum
1226 3787 1291 3830 esse

145 3885 176 3932 ut
195 3875 232 3932 ab
253 3872 390 3950 Euripide
405 3872 435 3931 in
451 3871 600 3948 Meleagro
615 3871 647 3929 ir.
665 3868 1295 3945 52411111111.Ἦγησάμηνοῦνεῖπαραξιύξαέ

144 3995 182 4030 τις
196 3977 306 4048 Χρηστῷ
319 3974 430 4046 πονηρὸν
443 3973 560 4045 λέκτρον,
575 3973 621 4026 οὐκ
635 3971 665 4028 du
679 3971 803 4042 εὐτυχεῖν,
817 3969 941 4024 Ἐσθλοῖν
951 3968 973 4022 δ’
987 3968 1030 4025 ἀπ’
1041 3967 1139 4040 ἀμφοῖν
1152 3967 1250 4022 ἐσθλὸν
1263 3966 1294 4021 ἂν

145 4075 223 4143 φῦναι
236 4075 319 4144 γόνον.

464 4223 703 4285 nonnunviu
725 4222 763 4282 au
784 4222 974 4298 11111109.

186 4360 243 4420 Pro
265 4378 341 4421 cunr
361 4360 434 4420 eius
455 4360 558 4419 obuia
579 4359 654 4418 coni.
675 4356 784 4416 Munro
804 4376 834 4434 p.
854 4374 919 4432 149,
934 4351 1064 4414 comeis
1085 4352 1158 4414 obit
1180 4352 1292 4424 obuia,

144 4458 257 4518 collatis
271 4460 346 4517 Aen.
361 4458 430 4519 Xll.
448 4476 515 4533 209,
531 4456 621 4516 Geor.
637 4454 676 4513 11.
695 4457 763 4528 368.
