2872 5002
579 370 842 438 CATVLLI

270 556 405 621 Falsum
428 558 584 623 mendaci
603 569 719 624 uentre
740 557 961 642 puerperium.

631 781 795 846 LXVIII.

228 920 337 1003 QVOD
360 918 439 982 mihi
463 919 594 983 fortuna
617 939 761 1002 casuque
783 938 959 1001 oppressus
982 919 1105 984 acerbo

175 1123 219 1183 48.
257 1117 376 1171 Falsusc
445 1106 578 1159 mendacii
594 1112 771 1170 ACGLla²O
841 1113 975 1168 mendatii
989 1115 1038 1169 Bb.

644 1202 782 1255 LXVIII.

176 1277 258 1330 Huius
271 1275 393 1328 carminis
407 1294 449 1329 uu.
466 1289 533 1338 1-40
551 1273 692 1327 Ramlerus
726 1277 808 1327 rimus
820 1275 847 1325 in
858 1271 963 1326 editione
978 1292 1027 1326 sua
1039 1292 1066 1326 a.
1084 1286 1150 1338 1793
1169 1293 1188 1326 a
1205 1274 1288 1326 ceteris

140 1348 291 1415 seiungebat‚
302 1358 435 1414 tamquam
444 1345 573 1398 diuersum
579 1356 668 1413 poema
676 1366 689 1397 e
715 1356 805 1397 serent.
823 1344 1016 1410 ldemfecerunt
1020 1356 1111 1412 postea
1120 1344 1288 1397 Froehlichius

140 1419 266 1485 Berglius
283 1419 310 1470 in
328 1417 398 1469 Mus.
411 1416 491 1468 Rhen.
508 1415 567 1466 XV.
582 1431 630 1479 513
645 1416 748 1482 Heysius
767 1413 936 1467 Rossbachius
955 1414 1143 1482 Hertzbergius
1164 1416 1289 1482 Cruppius

142 1487 180 1553 (in
193 1488 277 1540 Minoe
283 1499 309 1556 p.
321 1503 380 1551 503.
389 1486 431 1538 ubi
443 1496 528 1538 tamen
541 1498 675 1553 utrumque
687 1504 789 1538 carmen
801 1503 819 1536 a
832 1483 934 1537 Catullo
945 1484 1087 1553 abiudicat)
1102 1485 1153 1536 Ed.
1163 1505 1182 1538 a
1193 1486 1292 1537 urum

140 1558 291 1610 Schwabius
313 1557 433 1610 l'senerus
456 1555 624 1624 Westphalius
645 1557 805 1608 Belsrensius.
842 1555 914 1606 Nam
936 1554 976 1622 (1)
995 1557 1022 1607 in
1040 1574 1083 1608 uu.
1106 1571 1195 1620 3¹·40
1217 1565 1292 1624 rugat

140 1628 258 1681 Catullus
266 1640 339 1696 passe
355 1646 381 1679 se
398 1629 480 1679 amico
498 1645 542 1679 suo
560 1645 652 1680 munus
671 1627 771 1679 mittere
786 1627 935 1678 Musarum.
972 1625 1041 1677 Idem
1053 1645 1071 1678 a
1083 1645 1109 1678 u.
1124 1643 1154 1690 4¹
1172 1645 1248 1694 usque
1258 1624 1296 1677 al

129 1699 212 1767 finem
225 1717 313 1751 uersus
325 1698 404 1749 mittit
416 1698 454 1749 ad
464 1699 598 1749 minimum
608 1708 705 1749 centum
716 1708 740 1748 et
752 1699 851 1765 uiginti,
861 1715 946 1762 eosque
955 1715 1057 1748 summa
1067 1715 1132 1749 cura
1142 1699 1293 1765 conseriptos

140 1789 183 1821 nec
203 1771 256 1820 sine
274 1770 430 1820 inuocatione
450 1768 597 1820 Musarum.
636 1766 676 1834 (2)
705 1767 813 1819 tuattius
834 1768 861 1819 in
882 1785 924 1819 uu.
945 1771 994 1817 1=8
1016 1767 1113 1819 elicitur
1130 1768 1256 1820 solacium
1275 1785 1294 1818 a

140 1839 242 1891 Catullo
253 1840 358 1920 petiisse
375 1849 403 1890 ut
420 1839 464 1905 qui
481 1853 545 1889 casu
563 1853 707 1905 oppressus
724 1836 826 1889 acerbo
844 1836 904 1889 lecto
921 1838 976 1888 iom
995 1848 1087 1890 utatur
1099 1836 1209 1891 caelibe:
1229 1840 1256 1889 in
1268 1856 1294 1889 u.

142 1910 217 1976 (¹55)
233 1908 297 1959 sitis
312 1906 405 1960 feIIces
422 1913 451 1959 et
467 1912 499 1959 tu
517 1907 596 1959 sImul
615 1913 644 1959 et
662 1915 710 1960 tua
728 1907 785 1960 uita
802 1919 850 1960 aus
866 1909 979 1959 amiram
997 1907 1073 1959 habet
1091 1919 1139 1960 aut
1157 1906 1294 1975 commem.

141 1983 229 2047 Itaque
240 1980 293 2031 ulio
305 1990 413 2047 tempore
424 1980 514 2046 scripti
530 1988 590 2030 sunt
602 1979 628 2029 lsi
641 1997 729 2031 uersus
742 1979 860 2046 ceterique
872 1996 955 2030 omnes
967 1979 1011 2045 qui
1023 1976 1082 2030 Alli
1095 1989 1296 2031 commemorant

139 2051 288 2118 beneficium,
300 2049 353 2101 alio
371 2067 413 2101 uu.
430 2064 505 2112 1-4ο.
545 2047 585 2115 (3)
606 2050 657 2118 Qui
675 2048 785 2101 Mallius
802 2059 840 2101 est
858 2048 899 2102 uel
917 2048 1033 2101 Manlius
1051 2051 1079 2100 in
1102 2065 1181 2113 1-4ο,
1203 2051 1226 2101 is
1248 2067 1296 2101 non

135 2132 218 2190 potest
235 2138 287 2172 esse
309 2117 395 2171 Allius
417 2121 443 2170 in
465 2117 614 2188 41-(160)‚·
641 2129 775 2186 utrumque
792 2120 858 2172 enim
877 2136 965 2171 nomen
986 2117 1147 2187 gentilicium
1167 2128 1217 2172 est.
1254 2117 1294 2187 (4)

140 2211 182 2244 uu.
198 2188 327 2259 41-(160)
347 2192 469 2243 maiorem
487 2207 578 2242 curam
591 2201 658 2259 prae
675 2210 702 2242 se
709 2191 807 2256 ferunt
823 2200 954 2256 artemque
970 2206 1048 2257 quarn
1065 2205 1143 2253 1-4ο.
1183 2189 1294 2260 (Gnspp.

139 2263 207 2315 Min.
237 2300 243 2313 .
275 2277 291 2311 0
312 2300 319 2314 .

176 2275 236 2385 Hisp
243 2278 281 2386 itis
294 2260 425 2384 ⁴uisentior
437 2341 465 2383 ut
484 2350 526 2385 uu.
540 2327 719 2399 (149)-(160)
730 2329 850 2396 sortasse
865 2333 944 2384 etiam
964 2326 1095 2399 41·(148)
1114 2331 1169 2384 alio
1187 2342 1295 2400 tempore

139 2407 245 2473 scriptos
248 2405 336 2470 fuisse
348 2402 450 2454 crelam
462 2421 495 2454 ac
501 2404 600 2470 priores
612 2400 667 2453 illos
680 2418 756 2464 ¹·40·
793 2401 842 2454 Sed
851 2420 912 2470 nego
924 2401 1049 2453 Mallium
1061 2400 1146 2454 alium
1158 2413 1295 2470 essentque

142 2474 251 2534 Allium,
264 2485 311 2527 aut
324 2471 455 2541 41—(160)
469 2474 507 2524 ita
520 2471 631 2540 disiungi
640 2484 713 2540 posse
725 2490 743 2523 a
755 2473 841 2523 ceteris
855 2482 883 2524 ut
894 2471 1079 2537 aliulfaciant
1086 2483 1188 2540 poema.
1222 2472 1293 2526 Nam

140 2548 163 2598 si
173 2566 229 2599 uere
237 2545 333 2613 legitur
341 2546 368 2596 iu
378 2563 402 2597 u.
413 2542 470 2610 (66)
483 2541 600 2605 Manius,
609 2544 631 2594 is
640 2553 726 2594 autem
736 2541 821 2593 Anius
829 2543 882 2594 alio
891 2543 988 2594 nomine
996 2554 1104 2595 uocatur
1116 2561 1160 2595 uu.
1170 2559 1215 2608 41,
1227 2541 1293 2610 (50.)

142 2613 227 2684 (150,)
247 2615 315 2667 nullo
332 2615 403 2666 morlo
411 2613 476 2681 fieri
492 2623 571 2681 potest
589 2623 617 2665 ut
634 2613 674 2664 hie
691 2613 801 2665 Mallius
818 2612 906 2665 Allius
924 2615 977 2665 siue
988 2611 1077 2665 Allius
1096 2612 1210 2666 Mallius
1227 2613 1293 2665 alins

141 2689 175 2739 sit
187 2707 219 2739 ac
228 2685 337 2739 Mallius
346 2684 391 2737 ille
399 2694 607 2736 commemoratus
619 2685 646 2734 in
659 2702 701 2735 uu.
714 2699 755 2745 11,
768 2699 809 2746 30.
833 2681 944 2749 (Allium
955 2684 1021 2735 enim
1034 2685 1195 2736 nominatum
1199 2683 1292 2749 fuisse,

141 2776 189 2810 non
200 2757 307 2820 Aulum,
318 2766 346 2808 ut
353 2767 412 2823 post
426 2755 578 2807 Marcilium
589 2765 667 2807 censet
681 2753 858 2822 Westphalius,
872 2772 945 2821 neque
956 2765 984 2806 ut
997 2754 1112 2820 Heysim,
1127 2755 1251 2817 Acilium,
1262 2773 1292 2805 ess

142 2845 240 2896 ratione
258 2843 364 2893 metrica
383 2851 498 2908 apparet.
535 2841 608 2892 Nam
627 2859 669 2893 nec
688 2828 789 2891 Icilius
806 2840 926 2907 produxit
944 2840 1063 2893 Catullus
1082 2841 1110 2893 in
1128 2861 1155 2894 u.
1168 2858 1211 2905 41,
1226 2829 1291 2892 Icili

142 2915 264 2978 corripuit
282 2914 308 2963 in
327 2930 352 2962 u.
367 2908 460 2975 (15ο);
485 2928 527 2961 nec
546 2911 614 2962 Aule
634 2912 721 2978 recipit
739 2929 826 2963 uersus
845 2909 944 2977 (150).)
983 2910 1079 2963 Deinde
1096 2930 1146 2963 non
1163 2930 1209 2964 suo
1226 2931 1292 2962 more

141 2985 282 3050 scripsisset
295 2979 412 3033 Catullus
425 2981 448 3030 si
460 2999 563 3031 carmen
576 3000 650 3033 uersu
664 2982 806 3049 abrupisset
818 2981 901 3047 qualis
913 2990 952 3032 est
960 2981 1001 3033 bic
1009 2981 1039 3032 de
1047 2999 1094 3048 qua
1103 2982 1212 3034 dicimus
1226 3002 1250 3034 u.
1259 2997 1291 3044 40

142 3051 223 3103 Vltro
235 3066 287 3116 ego
300 3048 437 3101 deferrem
450 3050 528 3116 copia
540 3051 561 3101 si
576 3066 629 3118 qua
642 3049 723 3103 foret.
758 3051 854 3104 Contra
866 3052 900 3103 ab
912 3051 1054 3116 hocfecilos
1066 3062 1104 3104 est
1116 3054 1245 3105 transitus
1256 3051 1292 3104 ol

144 3139 174 3186 41
191 3119 254 3172 Non
268 3135 377 3187 possum
390 3119 514 3184 reticere,
528 3119 615 3184 Deae,
629 3137 683 3188 qua
696 3137 740 3172 me
755 3122 839 3173 Allius
853 3121 879 3172 in
893 3137 933 3174 re.

179 3191 271 3245 Verum
282 3193 407 3243 enimuero
415 3190 496 3258 plura
513 3201 573 3243 sunt
589 3194 614 3243 iu
634 3204 740 3260 utraque
754 3203 831 3261 parte
844 3193 986 3245 communia
998 3211 1075 3260 quam
1089 3204 1117 3246 ut
1129 3193 1171 3246 hie
1182 3192 1290 3261 disiungi

137 3264 244 3333 possint.
280 3262 352 3313 Nam
361 3281 385 3313 u.
400 3277 428 3310 12
440 3261 550 3313 Mallius
562 3281 580 3313 o
593 3261 695 3315 Catullo
702 3263 767 3330 petit
776 3261 889 3328 hospitis
901 3261 1037 3329 officium,·
1054 3281 1131 3331 quam
1145 3265 1175 3316 ob
1187 3282 1289 3317 causam

142 3336 192 3386 nisi
203 3333 268 3401 quod
277 3335 328 3400 ipse
340 3331 441 3384 Catullo
453 3332 586 3400 hospitium
594 3333 750 3400 praebuerat
762 3353 793 3385 ac
806 3334 916 3397 domum,
926 3336 953 3384 in
964 3352 1010 3400 quo
1020 3352 1076 3386 cum
1091 3334 1184 3388 lesbio
1193 3352 1289 3387 amores

141 3406 285 3457 exerceret?
299 3398 447 3472 (67)-(69).
484 3402 580 3454 Deinde
592 3422 616 3455 u.
632 3406 714 3453 12-16
729 3403 848 3456 Catullus
860 3403 921 3455 dicit
933 3423 958 3456 se
970 3423 1026 3456 cum
1041 3407 1136 3456 aetatis
1149 3425 1196 3459 uer
1206 3415 1289 3474 ageret

144 3476 244 3528 Veneris
264 3492 311 3526 non
336 3475 458 3540 ignarum
472 3471 566 3537 fuisse,
586 3474 631 3525 sed
650 3484 729 3526 totum
751 3475 795 3526 lsoc
815 3474 926 3527 studium
951 3473 1020 3527 luctu
1034 3473 1180 3540 fraternae
1203 3476 1289 3528 mortis

133 3547 254 3616 fugasse.
292 3543 430 3610 Vtramque
443 3562 495 3595 rem
507 3554 531 3595 et
543 3562 655 3595 amorem
673 3543 777 3596 Lesbiae
788 3556 812 3596 et
824 3544 919 3596 luctum
929 3544 1032 3611 fratris
1051 3547 1144 3597 iterum
1163 3548 1190 3598 in
1207 3547 1289 3598 altera

137 3629 215 3687 parte
226 3615 337 3675 inducit,·
355 3632 416 3665 nom
430 3633 472 3666 uu.
486 3612 634 3680 (70)-(72),
650 3612 823 3682 (131)-(148)
840 3615 869 3666 de
887 3615 978 3666 Lesbia
996 3617 1043 3666 toti
1059 3626 1127 3680 sunt,
1147 3635 1189 3668 uu.
1208 3626 1289 3669 autem

144 3683 297 3756 (91)·(100)
307 3686 411 3752 fratris
425 3696 530 3735 mortem
543 3685 684 3754 deplorant,
697 3696 720 3737 et
733 3685 829 3752 quidem
842 3686 930 3737 iisdem
943 3684 1023 3737 uerbis
1036 3687 1070 3752 ff.
1084 3684 1223 3755 (91)-(96)
1237 3703 1291 3738 cum

144 3775 240 3822 20-24.
275 3759 337 3808 ‘I'um
349 3774 367 3807 a
380 3774 421 3807 uu.
436 3769 478 3819 29,
494 3771 525 3819 30

709 3841 837 3894 Veronae
855 3847 936 3909 turpe
955 3841 1064 3895 Catullo

391 3928 465 3992 Esse,
484 3928 559 3995 quod
577 3927 622 3981 hic
641 3929 764 3997 quisquis
782 3930 817 3982 de
835 3930 949 3982 meliore
968 3937 1034 3983 nota

355 4015 464 4081 Frigida
482 4014 592 4067 deserto
610 4014 755 4083 tepefacsit
774 4015 898 4069 membra
916 4016 1007 4083 cubiIi,

141 4148 234 4200 Lesbia
246 4146 350 4217 irofilelis
361 4147 389 4198 in
402 4144 502 4199 Cotullo
513 4148 651 4216 arguitur;
668 4146 733 4199 idem
746 4147 838 4199 diserte
848 4146 909 4198 dicit
923 4143 1098 4214 (135)-(137)

354 4266 433 4334 Quae
451 4270 543 4319 tamen
563 4265 612 4319 etsi
632 4282 688 4319 uno
706 4282 762 4318 non
781 4271 823 4319 est
842 4271 975 4319 contenta
994 4265 1106 4320 Catullo

390 4351 462 4405 Rara
480 4353 652 4406 uerecundae
670 4351 744 4405 furta
763 4351 883 4405 feremus
901 4352 993 4418 herae,

352 4437 396 4492 Ne
415 4440 529 4493 nImium
547 4441 631 4493 simus
648 4440 795 4493 stultorum
814 4455 892 4492 more
911 4439 1028 4493 molestI.
