2872 5002
139 374 179 413 xx
531 344 900 410 PROLEGOMENA.

181 517 324 596 Cynthius
337 515 512 576 Ceuetensis
531 516 626 576 dions
640 535 658 575 a
671 515 786 576 Ceneta
805 514 921 593 oppido
940 531 1004 572 non
1024 512 1117 588 longe
1138 509 1249 570 dIstant

140 617 288 690 Taruisio,
306 616 389 675 cuius
409 617 485 673 mr'ra
506 617 538 673 r'n
557 615 674 692 elegiaco
693 616 819 673 carnaria
825 613 965 690 saalrlas
984 611 1035 669 sed
1050 611 1163 668 amatha
1182 608 1251 666 elain

139 723 220 792 alque
232 713 441 773 messuisse
458 712 563 771 dicitur
579 731 599 771 a
616 712 693 772 Lilio
714 711 838 773 Giraldo
858 712 890 770 iu
910 709 1031 786 dialogo
1044 707 1061 767 1
1075 707 1114 766 de
1134 707 1234 784 poetis

140 814 291 889 temporis,
307 813 338 870 in
359 811 572 872 commentario
591 811 630 870 ad
651 811 763 889 Vergili
783 810 947 870 Aeneidem
967 810 1112 868 Incertum
1133 823 1197 884 quo
1218 822 1256 864 au

140 912 250 988 scripto
278 911 332 971 sed
358 922 392 969 ut
418 909 532 968 uidemr
558 911 634 969 inter
665 909 876 982 1400-1460¹,
903 908 984 967 unde
1010 916 1127 983 partem
1155 922 1234 981 quae

140 1011 252 1086 primos
274 1019 333 1068 tres
357 1008 446 1067 libros
467 1008 592 1084 pertinet
613 1007 712 1067 Maius
735 1008 827 1067 edidit
846 1008 878 1065 in
899 1005 986 1065 huet
1006 1003 1101 1064 cass
1122 1001 1196 1062 v11.
1218 1020 1258 1076 32

143 1109 211 1183 396,
230 1107 304 1166 haec
326 1106 414 1165 habet
434 1124 472 1164 ex
497 1104 624 1165 Catullo.
666 1107 742 1165 Aen.
764 1105 790 1165 1.
817 1125 835 1181 3
860 1104 1006 1163 Lauinia
1029 1102 1129 1161 uenit
1156 1099 1263 1158 Littor

139 1204 185 1263 Et
205 1223 259 1263 non
279 1202 407 1262 Laraira
448 1200 542 1262 Sr'lries
561 1202 689 1261 Italr'cm.
732 1203 944 1280 Sceptraque
968 1200 1131 1260 fundauit
1152 1198 1264 1258 Teucr

139 1302 272 1362 lauinia
297 1302 421 1360 uictor.
465 1299 598 1360 Catullus
631 1300 793 1360 Veronensis
813 1300 982 1360 ‘lauinius
1002 1295 1100 1358 acer?
1134 1295 1217 1355 unde
1239 1313 1267 1355 ct

141 1399 214 1476 ligas
228 1401 271 1459 sic
285 1400 425 1476 scriptum
438 1397 528 1457 fuisse
541 1399 572 1457 in
586 1399 690 1458 codice
704 1398 809 1457 Catulli
830 1416 920 1474 quem
940 1396 1055 1456 uiderat
1074 1393 1232 1473 Cynthius,
1245 1412 1269 1470 pi

142 1498 318 1556 Lanuinus
345 1507 418 1556 ater
445 1494 523 1573 (Cat
548 1495 690 1554 xxxltt
720 1495 780 1574 ια),
807 1495 1060 1573 quemadmodum
1087 1512 1169 1554 acer
1195 1492 1271 1569 Iegiu

142 1597 302 1655 etiamnum
321 1595 354 1652 In
374 1593 407 1652 H
428 1603 458 1652 et
478 1592 678 1670 Phillippensi.

184 1694 258 1752 Aen.
279 1692 304 1752 Ι.
326 1713 343 1764 4
365 1690 465 1770 (Iuno)
486 1694 589 1751 dtrrlar
611 1692 714 1753 Critaa
734 1694 810 1767 quod
826 1692 969 1769 crirgulam
990 1691 1129 1749 castaus
1152 1690 1276 1748 resoluat

142 1819 208 1858 nam
235 1799 345 1875 quando
375 1798 542 1875 &ponebant
569 1800 769 1875 uirginitatem,
797 1800 941 1875 cr'rrgrelreru
975 1797 1166 1857 dr'ssolaebanl
1194 1798 1278 1854 raarri

145 1898 268 1956 Ouraries
282 1915 440 1975 zonaque
454 1897 561 1956 salaci
575 1895 696 1975 (fallaci)
711 1908 806 1955 casta
825 1898 980 1956 recincta
999 1914 1112 1967 mauu,
1126 1903 1154 1954 ct
1167 1893 1280 1956 Catulle

143 1997 237 2073 quod
258 2014 381 2056 zonam
404 1996 511 2055 soluit
532 1996 589 2055 diu
609 1996 760 2072 ligatam.
803 1993 862 2073 (ct.
877 1994 1014 2054 Priscian
1029 1994 1054 2053 1.
1071 1993 1154 2072 aa.)'

186 2093 244 2152 Sed
265 2093 374 2153 tardius
396 2092 543 2153 Catullum
565 2095 729 2153 innotuisse
752 2093 914 2170 peregrinis
933 2093 1003 2152 hinc
1023 2101 1149 2169 apparet
1169 2090 1284 2170 quodi

143 2193 329 2265 Philobiblio,
350 2211 439 2271 quem
459 2192 564 2251 librum
589 2192 626 2251 de
647 2192 798 2251 codicibus
819 2191 934 2268 scripsit
954 2191 1100 2250 Ricardus
1121 2189 1286 2250 Buricnsis²

144 2291 224 2351 nulla
244 2292 306 2351 eIus
326 2290 403 2350 lacta
424 2300 468 2350 est
487 2290 609 2349 mentio.
651 2288 756 2367 Neque
776 2289 844 2349 ideo
865 2301 964 2349 tamen
984 2289 1131 2349 assentior
1145 2288 1288 2349 Schwabir

178 2501 187 2531 ¹
205 2502 281 2550 Maius
300 2501 357 2549 dicit
375 2501 505 2563 Cynthium
525 2501 590 2548 eirca
609 2507 712 2561 tempora
728 2499 770 2547 Pii
785 2498 817 2546 11
832 2499 916 2560 Papae
934 2498 1018 2546 ar'srisse
1036 2499 1159 2561 aqualem
1177 2501 1293 2564 Pmapoei

143 2580 1294 2647 smm.tmmpmotogianaaatndmamquimaosaepaatmtadiaeamatla

144 2666 242 2730 legebat.
254 2667 288 2727 (p.
301 2664 348 2726 ix.)

178 2747 188 2775 ²
205 2749 248 2795 IIis
260 2747 312 2794 addi
323 2755 399 2808 potest
410 2747 473 2809 quod
485 2748 509 2793 iu
520 2747 639 2795 Glossario
651 2747 775 2794 IIarIeiano
787 2743 853 2809 6514
864 2746 951 2794 iuueni
983 2745 1081 2794 Diraeas
1090 2745 1221 2808 Ampliat.
1253 2747 1298 2797 Illa

144 2828 467 2894 qaaepopteraolaptatem
486 2828 689 2892 mutuamque
707 2829 1299 2901 praeiedeaabispertteeiantpropanifflttoe

146 2921 223 2958 uatem
232 2919 326 2972 propter
336 2911 473 2973 dignarum
484 2919 526 2956 aet
536 2912 673 2959 utalaam:
691 2910 745 2958 ltine
757 2926 850 2971 passer
862 2911 960 2958 delitie
974 2926 1051 2959 meae
1063 2910 1125 2959 atate
1136 2912 1252 2961 Catullum
1272 2913 1301 2961 Ia

145 2993 265 3056 singulari
282 2999 358 3038 aulem
379 2992 479 3040 deliria
497 2992 559 3056 tigne·
576 2994 658 3054 species
673 3002 705 3040 est
723 3000 766 3040 aat
784 3007 800 3039 a
819 2992 918 3039 calnam
935 2993 1041 3056 argutas
1057 3008 1137 3040 aem
1147 2995 1302 3060 fastigiatam

148 3076 174 3136 (t
186 3074 340 3136 fastigiatum)
351 3073 489 3121 ωιιοιαεωιι
503 3073 565 3120 unde
579 3085 601 3122 et
613 3084 697 3123 tecam
708 3073 838 3122 &aaran
848 3084 870 3121 a
879 3074 956 3138 regate
966 3074 1099 3123 wilara.
1110 3073 1152 3122 lie
1163 3078 1221 3125 raas
1231 3078 1303 3140 (Hine

147 3157 227 3217 Titus)
242 3155 377 3218 Vespasiani
379 3155 449 3218 filies
456 3163 552 3217 propter
566 3156 709 3205 clementiani
724 3166 746 3203 et
754 3156 916 3204 libralitaum
932 3173 998 3205 uam
1012 3158 1089 3206 delt'tie
1103 3158 1203 3207 hareni
1211 3161 1303 3224 gewis

147 3242 221 3288 dictas
232 3250 272 3290 est.
306 3238 366 3287 Vide
375 3239 441 3289 Paul.
454 3240 521 3285 Diae.
532 3253 555 3299 p.
570 3248 600 3302 73
613 3240 719 3295 Mueller,
729 3241 823 3291 Sueton.
835 3240 903 3288 Titus
915 3242 934 3289 1.

180 3323 190 3352 ⁸
206 3323 281 3371 Norat
290 3324 319 3369 A
330 3321 441 3377 Gellium,
452 3321 516 3368 caius
526 3320 648 3370 historiam
659 3324 689 3370 de
699 3323 785 3385 Sibylla
796 3325 827 3385 (I.
842 3323 884 3386 19)
896 3325 1005 3384 erasmi,
1016 3324 1056 3372 sed
1067 3324 1135 3372 ualde
1144 3325 1302 3385 immutatam,

148 3416 265 3467 praeterea
281 3405 338 3451 citat
351 3404 393 3451 Vl.
408 3416 439 3451 ro
456 3404 491 3464 (p.
508 3401 721 3467 24⁶)V1.16(p.
739 3405 798 3466 233)
815 3405 940 3470 Ptoiogum
954 3406 989 3466 (p.
1008 3404 1081 3468 246):
1100 3416 1169 3454 norat
1184 3407 1305 3465 Ouidium,

149 3488 273 3534 Horatium
291 3487 354 3533 cqus
369 3486 432 3533 Artis
452 3485 560 3532 Poeticae
576 3487 664 3546 profert
680 3501 720 3532 uu.
738 3498 793 3547 343,
811 3498 860 3548 333
875 3488 910 3547 (p.
928 3487 996 3549 257).
1014 3488 1150 3536 Martialem
1167 3490 1233 3536 cuius
1249 3490 1305 3537 citat

146 3570 213 3633 Epig.
223 3569 242 3615 I.
258 3580 305 3629 3q;
321 3566 439 3614 Valerium
452 3568 593 3622 Marinum,
604 3569 669 3614 cuius
681 3569 736 3614 citat
747 3566 805 3614 duos
816 3569 878 3615 locos
888 3568 928 3617 IV.
938 3581 962 3629 3,
970 3568 1036 3617 VIII.
1046 3577 1068 3630 7,
1079 3571 1182 3617 Senecae
1193 3571 1307 3632 Epistulas

149 3653 183 3712 (p.
199 3649 267 3713 264),
280 3649 376 3696 Suetoui
387 3647 454 3695 Vitas
465 3648 590 3695 Caesarum
601 3649 636 3709 (p.
650 3646 717 3712 ²⁶9i·
728 3649 913 3696 Grammaticum
924 3651 1016 3698 Phocea
1027 3651 1063 3712 (p.
1076 3652 1145 3715 ²45).
1157 3653 1306 3710 Pnsdauum,

148 3736 267 3780 Donatum
280 3734 315 3794 (p.
334 3731 402 3794 247),
413 3732 575 3779 cassiodorum
591 3732 620 3778 de
635 3732 782 3779 InstitutIoue
796 3732 927 3779 diuinarum
941 3734 1058 3780 literarum
1070 3737 1105 3795 (p.
1123 3735 1193 3795 257),
1204 3735 1307 3784 Platonis

148 3816 298 3862 Phaedonem
315 3814 399 3860 Latine
415 3827 546 3874 expressum
559 3814 594 3874 (p.
614 3811 682 3873 261).
715 3814 834 3862 Praeterea
851 3825 1021 3863 commemorat
1037 3815 1088 3872 hos,
1099 3816 1214 3865 incertum
1231 3833 1262 3865 an
1278 3819 1307 3866 ah

149 3899 199 3957 ipso
211 3899 283 3944 lectos
295 3911 325 3944 an
336 3897 361 3941 in
372 3895 460 3956 scriptis
471 3897 555 3943 citatos
566 3896 665 3943 aliorum
676 3910 699 3955 p.
712 3909 757 3958 251
772 3895 951 3961 ‘Qidjecisset
964 3898 1079 3962 Virgilius
1090 3898 1232 3947 Latinos-m
1239 3908 1307 3963 poeta

149 3981 302 4040 ‘praecipuas
314 3979 334 4025 α’
347 3977 495 4026 Tleocrr'tam
506 3979 640 4026 Lucretium
654 3988 677 4026 et
686 3979 814 4027 Hommss
829 3980 922 4026 nrisime
937 3979 1054 4041 spoliasses
1065 3990 1087 4027 et
1096 3980 1121 4027 irs
1135 3997 1218 4030 eones
1233 3982 1308 4031 utaris

150 4067 156 4087 ⁸
168 4078 213 4108 nors
225 4064 341 4108 errasset?
375 4061 442 4124 Qa'd
451 4061 497 4107 nisi
508 4060 663 4108 Parthenium
674 4061 849 4124 Pindus-amque
860 4063 924 4108 cuius
935 4061 1085 4124 tepentem
1095 4078 1143 4110 eas
1154 4064 1225 4112 modo
1232 4066 1308 4127 poterit

150 4150 157 4170 ⁸
168 4144 259 4190 imitari
270 4143 413 4206 aliquatenus
423 4143 561 4194 latitasset?
590 4145 658 4210 Quid
667 4143 791 4192 Sallustius
805 4143 894 4192 Tullius
905 4144 1014 4192 Boethius
1024 4145 1161 4194 Macrobius
1171 4147 1308 4196 laem

150 4232 157 4252 ¹
169 4226 303 4273 Martianus
313 4226 360 4274 ima
371 4234 419 4274 tota
435 4227 517 4275 colors
525 4228 666 4293 gereraliter
677 4228 816 4276 aarum
831 4229 851 4275 si
861 4227 1008 4277 Athenarum
1022 4228 1100 4276 stadia
1111 4228 1150 4278 uel
1161 4230 1308 4279 Graecast·

152 4316 159 4336 ⁸
172 4309 292 4356 aulanam
302 4323 348 4356 και
360 4308 502 4357 ailismtt'
