2872 5002
234 393 293 448 234
640 385 696 445 DE
719 384 980 448 PARTITIONE

273 555 319 613 Ex
334 554 379 614 his
393 574 469 631 quae
483 556 521 614 ad
536 573 597 614 rem
611 564 740 616 nostram
755 555 900 631 pertinent
914 554 986 615 haec
1000 565 1067 615 sunt
1075 554 1095 613 ¹.

279 670 311 716 >-
349 655 426 731 diple
454 655 634 714 obelismene
661 654 700 713 ad
730 654 910 729 separandas
938 655 967 713 in
991 655 1154 713 comoediis
1176 664 1206 712 et
1228 655 1380 730 tragoediis

232 753 378 831 periodos.

285 873 317 919 -<
334 870 437 911 auersa
446 852 626 911 obelismene
640 851 776 928 quotiens
790 850 908 927 strophe
922 860 951 908 et
962 851 1160 926 antistrophos
1174 848 1304 909 infertur.

285 951 415 1053 §diple
442 967 568 1026 superne
595 949 710 1008 obelata
737 949 855 1026 ponitur
880 946 917 1006 ad
944 949 1152 1008 condicionem
1176 949 1311 1008 locorum
1337 950 1382 1008 uel

232 1067 424 1126 personarum
444 1049 491 1107 uel
512 1057 678 1125 temporum
698 1057 848 1106 mutatam.

272 1148 386 1207 Eadem
402 1147 460 1206 lere
475 1145 605 1205 Isidorus
619 1145 701 1220 Orig.
717 1144 741 1202 Ι.
759 1163 796 1203 ao
811 1145 865 1203 nisi
880 1144 961 1222 quod
982 1155 1071 1204 notae
1091 1144 1239 1204 diuersam
1255 1146 1381 1222 speciem

231 1245 351 1305 lerunt(
377 1245 425 1304 Sic
439 1245 519 1303 enim
533 1262 584 1302 eas
598 1243 736 1302 exhibent
750 1243 868 1302 codices
882 1243 942 1302 duo
962 1241 1068 1302 Isidori
1082 1237 1133 1319 qui
1154 1245 1185 1302 in
1207 1244 1383 1302 bibliotheca

230 1344 344 1420 collegii
365 1344 457 1402 nostri
479 1342 627 1400 Trinitatis
648 1341 845 1412 adsentantur,
867 1341 937 1400 alter
958 1338 1026 1419 (55)
1047 1359 1123 1401 saec.
1146 1342 1200 1415 xl,
1223 1341 1296 1400 alter
1317 1342 1381 1418 (64)

230 1459 306 1500 saec.
321 1439 405 1499 XIII.
488 1474 490 1477 ·

680 1467 711 1518 ⁵5
791 1452 824 1517 ⁶4

269 1565 355 1642 Diple
370 1564 547 1625 obelismene
677 1543 718 1658 ἶ]
762 1543 838 1646 Ἶ

269 1689 383 1749 Auersa
397 1690 575 1749 obelismene
692 1698 724 1778 L
798 1695 838 1759 ’ό

797 1813 839 1836 >-

268 1830 357 1906 Diple
371 1848 495 1905 superne
509 1829 624 1888 obelata
679 1799 713 1900 'I
795 1841 840 1905 7

270 1953 384 2011 Harum
408 1971 447 2011 an
472 1952 546 2010 ullae
573 1952 603 2009 in
629 1952 781 2012 codicibus
803 1963 902 2012 extent
926 1953 1040 2024 Horati,
1069 1971 1131 2012 non
1159 1953 1229 2013 scio.
1273 1952 1381 2012 Extant

228 2063 306 2111 certe
327 2053 410 2128 signa
431 2051 627 2129 partitionum,
650 2051 755 2127 quibus
777 2051 922 2110 interdum
943 2053 1079 2130 strophae
1100 2070 1117 2111 a
1139 2052 1279 2130 strophis,
1296 2054 1381 2112 inter·

229 2152 299 2210 dum
314 2150 453 2209 orationis
473 2150 605 2207 membra
625 2150 699 2208 inter
715 2167 747 2209 se
769 2150 991 2227 distinguantur,
1005 2162 1037 2210 ut
1051 2151 1188 2211 coniecto
1211 2151 1333 2210 circuitu
1353 2159 1382 2209 et

228 2250 311 2326 quasi
329 2250 400 2307 orbe
421 2248 577 2306 uerborum
598 2248 635 2305 ab
656 2247 746 2307 altero
767 2259 940 2326 argumento
960 2250 1096 2309 transitus
1116 2251 1167 2310 fiat
1187 2250 1227 2309 ad
1248 2250 1380 2309 alterurn.

228 2347 306 2406 Nam
329 2349 359 2407 in
383 2347 502 2424 antiquo
525 2346 627 2405 codice
650 2343 754 2406 Horati
778 2350 827 2424 qui
856 2349 886 2407 in
915 2348 1022 2407 Museo
1050 2349 1221 2408 Britannico
1250 2358 1382 2408 seruatur

170 2421 182 2443 ⁰
227 2447 323 2527 (Harl.
348 2443 449 2521 2725),
470 2445 542 2504 haec
563 2454 635 2503 nota
656 2445 678 2502 7
701 2446 747 2504 uel
771 2446 801 2503 ·7
822 2446 913 2506 modo
935 2448 965 2506 in
986 2447 1171 2525 stropharum
1192 2448 1261 2518 fine,
1289 2447 1380 2507 modo

227 2544 413 2623 periodorum
431 2544 510 2603 uelut
525 2545 554 2601 in
569 2542 668 2603 Satiris
689 2555 718 2603 et
739 2544 878 2621 Epistulis
900 2546 994 2623 posita
1014 2556 1068 2605 est.
1111 2545 1200 2605 Hanc
1222 2546 1380 2624 antiquitus

228 2645 361 2703 traditam
382 2641 469 2701 fuisse
491 2641 585 2701 forma
609 2642 726 2713 indicat,
752 2661 814 2702 non
834 2643 923 2720 longe
944 2655 1057 2703 remota
1078 2645 1116 2704 ab
1138 2646 1181 2704 eis
1202 2662 1282 2719 quae
1303 2643 1380 2722 apud

228 2743 396 2802 Suetonium
412 2752 441 2800 et
456 2740 601 2799 isidomm
616 2742 806 2818 reperiuntur;
825 2760 881 2800 nec
896 2760 914 2800 a
928 2761 999 2802 uero
1013 2743 1084 2800 mihi
1099 2742 1257 2803 abhorrere
1269 2743 1381 2803 uidetur

227 2852 258 2900 ut
272 2842 395 2900 sormam
410 2840 449 2899 ita
463 2858 549 2898 usum
564 2859 581 2898 a
595 2841 740 2898 ueteribus
751 2840 788 2899 ad
803 2858 858 2900 nos
872 2841 1050 2917 peruenisse.

544 3007 677 3084 Adposui
691 3010 825 3086 exempla
839 3028 875 3068 ex
889 3009 1010 3086 Epodis.

176 3164 250 3224 Epod.
806 3166 878 3226 Epod.

213 3245 264 3303 IV.
298 3266 314 3317 4
339 3245 376 3304 Et
391 3265 474 3305 crura
489 3247 561 3305 dura
575 3246 721 3323 compede
736 3247 767 3304 ·7
812 3248 881 3305 Vll.
906 3268 943 3307 20
969 3249 1057 3308 Sacer
1072 3252 1232 3326 nepotibus
1248 3254 1377 3328 cruor]

299 3346 317 3401 6
339 3344 467 3403 Fortuna
482 3363 542 3404 non
554 3357 646 3404 mutat
656 3365 750 3423 genus
767 3346 886 3406 ·7VIlI.
905 3367 941 3406 10
962 3347 1046 3407 Exile
1062 3350 1138 3408 suris
1154 3350 1289 3409 additum
1307 3351 1337 3408 ·7

281 3446 316 3502 16
339 3443 458 3503 Othone
472 3453 643 3521 contempto
659 3445 740 3503 sedet
757 3445 787 3500 ·7
907 3465 940 3504 11
952 3446 1060 3511 ÷Est0
1074 3449 1162 3506 beata

198 3543 253 3601 VI.
297 3546 313 3600 8
337 3542 549 3619 Quaecumque
564 3544 719 3619 praecedet
735 3543 765 3599 ·7
908 3563 942 3616 ι4
966 3543 1082 3603 Onusta
1096 3547 1196 3605 baccis
1211 3548 1343 3607 ambulet
1358 3545 1386 3604 ·7

281 3660 316 3699 ιο
339 3641 502 3701 Proiectum
514 3642 644 3700 odoraris
656 3643 754 3700 cibum
766 3641 796 3699 ·7
904 3662 941 3701 20
963 3642 1024 3702 Ore
1040 3643 1265 3704 allaborandum
1280 3644 1424 3718 esttibi]

280 3757 315 3809 14
338 3739 398 3796 Aut
412 3758 477 3797 acer
491 3730 582 3798 hostis
597 3738 754 3817 Bupalo?
825 3739 878 3797 IX.
904 3759 940 3798 10
964 3739 1062 3799 Seruis
1076 3739 1191 3801 amicus
1205 3745 1330 3820 perfidis
1344 3744 1375 3800 ·7

194 3835 220 3890 V
225 3836 263 3894 Il.
279 3854 314 3894 10
337 3835 414 3894 Vrbs
429 3836 501 3895 haec
515 3838 618 3912 periret
633 3839 751 3896 dextera
768 3837 797 3894 ·7
908 3841 944 3896 18
968 3838 1044 3897 Galli
1059 3850 1199 3900 canentes
1215 3841 1375 3902 Caesarem
1388 3841 1413 3899 ·7

279 3952 313 3991 12
337 3933 476 4010 anuam
491 3935 546 3992 nisi
560 3935 589 3991 in
605 3936 700 4011 dispar
715 3935 733 3995 I.
750 3935 780 3992 Ι7
907 3956 943 3995 20
966 3937 1085 4014 Puppes
1100 3939 1302 4000 sinistrorsum
1313 3943 1385 4001 citae
1398 3938 1424 3997 ·7

280 4051 315 4104 14
338 4032 386 4090 An
403 4033 508 4110 culpa?
529 4051 704 4109 responsum
720 4035 747 4092 d.
761 4035 791 4091 ·7
909 4054 943 4092 22
968 4033 1079 4095 Currus
1093 4046 1122 4094 et
1136 4037 1263 4098 intactas
1278 4041 1372 4100 boues
1386 4038 1412 4094 Ι7

281 4145 314 4205 17
339 4131 386 4191 Sic
401 4142 445 4191 est
461 4131 491 4188 ·7
906 4135 943 4208 36
967 4131 1072 4192 Metire
1087 4135 1175 4195 nobis
1190 4135 1365 4198 Caecubum
1381 4137 1405 4192 ·7

209 4329 214 4354 ¹
234 4328 291 4374 Vide
305 4329 406 4376 Suetonii
419 4329 544 4392 Relliquias
559 4332 596 4378 ed.
611 4330 791 4393 Releerscheid.
806 4347 829 4391 p.
840 4344 893 4393 140,
905 4347 954 4393 sqq.
988 4332 1145 4380 Columetriae
1158 4335 1348 4395 Aristophanen
1360 4336 1422 4398 qualis

174 4411 204 4455 ab
217 4409 343 4457 Heliodoro
359 4412 470 4472 descripta
482 4421 515 4459 est
532 4423 555 4458 et
568 4428 596 4460 ex
609 4412 708 4462 Scholiis
725 4413 814 4460 elicitur
826 4423 938 4474 quantum
956 4422 1057 4475 superest
1068 4414 1171 4477 collegit,
1184 4415 1325 4480 addiditque
1342 4421 1421 4467 tabulas

173 4492 291 4555 signorum
303 4508 362 4553 quae
373 4495 447 4542 uarias
458 4503 533 4557 partes
545 4495 636 4545 fabulae
648 4499 708 4544 inter
719 4511 743 4543 se
755 4498 920 4560 distinguerent
931 4498 1029 4545 Carolus
1041 4495 1176 4544 Thiemann
1190 4499 1259 4547 Halis
1271 4500 1344 4566 1869.
