2872 5002
144 339 203 397 226
545 334 602 394 DE
629 328 892 396 PARTITIONE

144 501 178 562 C.
194 503 217 560 1.
237 521 282 574 rr,
298 500 321 560 1.
340 506 385 574 18,
403 502 454 562 IV.
475 520 520 574 ro,
535 505 726 580 qnaeomnia
738 504 861 561 mllio
875 501 968 562 diuidi
989 509 1129 578 possunt.
1171 498 1285 572 Quodsi

143 602 173 660 in
196 600 372 660 carminibus
400 601 588 678 ambigebant
612 621 688 679 quae
714 612 744 662 et
771 603 871 662 breuia
898 611 1000 660 essent
1026 610 1058 660 et
1086 600 1151 677 pari
1178 616 1286 659 numero

143 718 288 773 uersuum,
316 700 408 760 multo
436 701 531 776 magis
559 701 589 758 in
621 701 810 778 longioribus,
839 702 997 779 praecipue
1025 718 1102 760 uero
1130 699 1182 758 ubi
1207 697 1285 776 inpari

143 817 281 858 uersuum
295 816 418 857 numero
433 799 559 876 partium
573 799 763 876 aequabilitas
776 800 808 859 in
822 800 949 860 obscuro
964 808 1052 858 esset.

183 896 247 956 Nec
263 898 367 956 desunt
382 896 461 973 apud
475 896 571 974 ipsum
586 895 840 974 Hephaestionem
854 896 991 975 exempla
1004 895 1187 956 huiusmodi.
1220 893 1285 954 Nam

142 994 172 1053 in
185 994 200 1070 ξ
215 1015 253 1071 43
264 997 314 1054 ubi
329 996 366 1055 de
380 995 552 1054 tetrametris
566 995 713 1071 dactylicis
727 997 805 1068 dicit,
819 996 864 1055 his
874 996 971 1056 uerbis
987 996 1078 1055 utitur
1088 999 1131 1052 ml
1143 1001 1195 1052 τῶν
1206 997 1285 1051 dure

141 1094 242 1165 λὴιιτων
262 1097 289 1150 δι’
309 1098 340 1151 τὸ
360 1090 529 1168 τετράμετρον
547 1093 703 1167 Ἀρχίλοχος
723 1097 827 1168 ἔνδοξον
846 1096 952 1165 ἐποίησε
973 1096 1017 1151 διὰ
1037 1098 1071 1150 τὸ
1091 1096 1218 1168 προτάξαι
1235 1094 1286 1148 eriri

140 1197 278 1268 τροχοῖκοῦ
291 1197 337 1249 τοῦ
351 1194 507 1264 καλουμένου
521 1193 702 1266 ἶθνφαλλικοῦ,
717 1192 797 1252 οὗτος

304 1334 350 1388 οὐκ
370 1331 410 1388 ἴθ’
431 1334 499 1404 ὅμως
519 1334 625 1392 θάλλεις
645 1337 745 1391 ἁπαλὸν
764 1338 840 1408 χρόα.
869 1337 996 1408 ιαίρῲσοι
1016 1335 1071 1408 stip
1085 1335 1145 1407 ἤδη.

138 1472 253 1544 Ἀλκμὰν
266 1475 295 1529 δι’
309 1476 350 1529 καὶ
363 1474 426 1532 ὅλος
440 1475 559 1547 στροφὰς
571 1474 655 1551 τοῦτφ
668 1479 704 1550 τῷ
716 1477 801 1550 μέτρῳ
814 1474 985 1547 κοπμὲτρηοι

304 1612 380 1667 Μῶα,
400 1614 455 1685 “Y‘’
478 1616 621 1685 Καλλιόπα)
636 1613 745 1688 θὺῚΜΡ
766 1618 835 1684 Διός)

303 1706 362 1780 ἄρχ’
384 1709 480 1782 ἐρατῶν
499 1711 587 1782 ἐπέων,
609 1712 651 1768 ἐπὶ
672 1713 694 1768 δ’
715 1712 803 1786 ἵμερον

304 1804 372 1880 ὕμνῳ
392 1808 435 1861 καὶ
454 1809 575 1881 χαρίεντα
594 1810 659 1866 τίθει
678 1814 765 1884 χόρον.

182 1935 247 1994 Has
270 1937 405 2013 strophas
429 1938 572 1998 trinorum
592 1940 681 1999 fuisse
705 1958 844 2000 uersuum
865 1942 954 2000 docet
975 1938 1130 2001 Maximus
1152 1940 1286 2001 Planudes

140 2032 191 2114 (V.
206 2032 279 2113 510)
294 2032 356 2105 αὕτη
370 2036 385 2105 ἡ
399 2039 505 2110 στροφὴ
525 2040 553 2093 ἐκ
572 2045 649 2112 τριῶν
669 2041 726 2096 ι’στι
747 2044 837 2098 κώλων
854 2042 1010 2097 δακτυλιαῖον
1029 2041 1179 2115 ἰσομέτροις
1189 2044 1286 2116 'mayner-

139 2134 200 2205 μένῃ
209 2133 228 2192 ¹.
260 2133 299 2191 At
313 2133 392 2192 enim
407 2134 464 2193 hoc
478 2136 574 2212 ipsum
585 2138 666 2213 quod
680 2138 710 2194 in
724 2138 814 2197 tribus
828 2138 927 2198 metris
941 2136 1077 2214 strophas
1091 2141 1180 2216 ponit
1194 2139 1287 2216 Heph-

140 2233 240 2302 aestio,
255 2249 317 2290 non
339 2234 423 2308 ponit
436 2233 467 2290 in
481 2235 593 2306 ceteris,
608 2246 782 2312 argumento
803 2247 847 2296 est
867 2235 934 2295 alibi
948 2253 1017 2295 eum
1038 2255 1104 2295 non
1126 2256 1287 2315 agnoscere

140 2329 222 2408 Ergo
245 2331 324 2407 quod
350 2330 421 2389 nihil
446 2331 516 2390 dicit
542 2332 726 2409 Hephaestio
750 2334 788 2393 de
812 2334 987 2394 hexametris
1011 2335 1043 2393 in
1067 2337 1207 2415 strophas
1232 2337 1288 2413 lege

140 2431 301 2489 amoebaea
323 2429 481 2506 dispositis,
502 2431 632 2506 arguitur
653 2431 788 2508 strophas
809 2433 839 2489 in
859 2432 1033 2493 hexametris
1055 2451 1118 2493 non
1140 2435 1289 2513 posuisse?

140 2529 215 2601 Quis
234 2539 279 2587 est
298 2537 396 2587 autem
418 2529 469 2604 qui
489 2530 623 2589 metrices
645 2528 807 2588 doctrinam
828 2530 916 2589 etiam
936 2531 1038 2608 primis
1059 2533 1151 2593 labris
1172 2534 1290 2611 attigerit

140 2628 191 2703 qui
218 2628 328 2686 nesciat
356 2627 547 2686 Theocritum
576 2626 700 2686 Bionem
729 2627 898 2700 Moschum,
922 2639 954 2688 ut
982 2630 1054 2688 nihil
1083 2631 1122 2691 de
1152 2631 1290 2692 Roman'n

139 2724 244 2796 dicam,
259 2724 391 2784 bucolica
406 2725 535 2783 carmina
548 2725 578 2782 in
593 2724 728 2800 strophas
745 2725 892 2802 redegisse
910 2736 989 2785 certa
1009 2726 1076 2804 lege
1098 2730 1155 2788 sibi
1175 2747 1289 2806 respon-

140 2823 262 2881 dentes?
304 2822 395 2894 Quod
416 2841 476 2880 non
500 2821 629 2881 Bucolici
651 2823 705 2881 soli
727 2823 865 2894 iecerunt,
879 2824 932 2884 sed
954 2824 1077 2903 Sappho
1098 2829 1199 2899 etiam,
1213 2839 1245 2888 ut
1257 2847 1290 2887 ex

140 2919 245 2977 Catulli
260 2939 285 2978 c.
301 2919 387 2976 LXII
410 2920 507 2993 Vesper
526 2921 607 2990 adest,
629 2921 747 2992 ramnes,
766 2923 943 2997 consarrgite:
974 2922 1073 2999 Vesper
1097 2925 1213 3002 Olympo
1234 2929 1291 2987 iure

141 3017 283 3091 colligitur
303 3016 424 3095 (Rossb.
445 3028 473 3076 et
493 3017 624 3095 Westph.
642 3019 680 3076 11.
696 3038 724 3095 p.
742 3015 801 3096 27).
843 3019 927 3077 Idem
950 3018 1138 3098 Hephaestio
1153 3026 1244 3085 multa
1257 3026 1291 3085 de

141 3115 304 3191 anapaestis
328 3115 423 3186 tradit,
447 3116 516 3173 nihil
546 3117 582 3174 de
608 3117 775 3196 synapheia.
817 3117 931 3178 Primus
958 3120 1039 3178 enim
1068 3120 1138 3199 (nisi
1168 3125 1291 3201 excipias

141 3213 310 3271 Terentiani
333 3213 428 3272 Mauri
449 3215 557 3273 incerta
579 3215 655 3273 dicta
680 3230 756 3288 1515
779 3212 856 3293 sqq.)
877 3216 1026 3277 Bentleius
1049 3221 1079 3278 in
1102 3220 1237 3298 Epistula
1255 3223 1291 3280 ad

141 3311 266 3370 Millium
280 3323 309 3370 et
323 3324 426 3390 postea
439 3314 468 3371 in
483 3313 693 3372 Dissertatione
708 3312 745 3372 de
761 3312 919 3386 Phalaride,
935 3314 1016 3391 quod
1031 3327 1099 3377 ante
1121 3338 1191 3378 eum
1205 3340 1291 3380 nemo

140 3411 317 3482 obseruarat‚
339 3430 492 3469 numerum
515 3412 545 3470 in
570 3422 793 3488 anapaestorum
817 3413 981 3488 systematis
1001 3418 1176 3490 continuari,
1198 3438 1290 3494 neque

140 3527 263 3585 usquam
279 3510 404 3586 syllabae
424 3512 542 3587 ancipiti
561 3510 659 3569 locum
679 3509 802 3568 concedi
823 3511 894 3568 uidit
903 3511 922 3568 ².
966 3512 1088 3573 Veteres
1106 3516 1193 3591 igitur
1207 3519 1230 3576 si
1245 3528 1291 3577 aut

140 3608 209 3667 nihil
225 3618 274 3666 aut
287 3628 433 3686 perpauca
447 3611 483 3669 de
498 3622 722 3686 anapaestorum
737 3608 895 3685 synapheia
915 3610 1103 3683 tradiderunt,
1119 3615 1182 3675 siue
1203 3617 1290 3693 ignari

140 3707 202 3765 siue
224 3707 304 3782 quod
325 3708 441 3767 breuius
462 3726 524 3766 rem
549 3716 713 3777 tractamnt,
735 3706 797 3765 siue
819 3706 899 3783 quod
920 3708 1054 3785 neglecta
1079 3729 1289 3792 nonnunquam

140 3805 214 3876 est³,
230 3805 338 3864 idcirco
353 3806 530 3883 synapheiae
546 3805 644 3864 locum
666 3824 751 3864 suum
773 3807 937 3881 negemus?
978 3806 1034 3866 Vel
1056 3809 1081 3868 si
1103 3829 1166 3871 non
1188 3813 1289 3873 desunt

140 3903 274 3980 exempla
295 3905 474 3963 senariorum
495 3903 588 3979 qualis
610 3903 656 3961 hic
678 3913 722 3962 est

461 4054 558 4112 Ἀτλος
579 4058 594 4110 ό
613 4055 749 4127 χαλκέοισι
770 4060 857 4114 νώτοις
877 4059 984 4130 οὐρανὸν

272 4275 280 4304 ¹
298 4275 417 4324 Rossbach
429 4276 477 4323 und
489 4277 609 4339 Westpbai
621 4279 769 4327 Griechiscbe
782 4279 870 4328 Metrilr
884 4281 913 4328 ll.
925 4296 947 4342 p.
962 4281 1000 4328 28.

271 4357 281 4388 ¹
297 4359 415 4406 Hermann
427 4359 540 4409 Elemeut.
552 4363 677 4410 Doctrinae
690 4363 801 4411 Metricae
813 4365 843 4411 11.
855 4380 875 4412 c.
888 4377 928 4425 3²·

272 4439 281 4468 ³
299 4441 356 4487 Vide
368 4444 472 4505 exempla
485 4445 507 4492 in
520 4445 602 4496 Rossb.
614 4456 637 4495 et
649 4445 755 4508 Westph.
767 4446 859 4496 Griech.
872 4447 961 4495 Metrilr
973 4448 1004 4497 11.
1015 4462 1053 4510 pp.
1065 4450 1178 4512 98·roo.
