2872 5002
492 320 721 382 CARMINVM
751 318 943 380 CATVLLI.
1280 316 1340 372 239

483 592 644 654 llracuaes
664 591 782 651 Fuaaus
796 592 947 664 830-894.

211 747 295 807 Harl.
313 748 399 819 2484.
637 740 720 801 Harl.
736 742 825 814 6332.
1050 735 1133 796 Harl.
1151 739 1238 812 2483.

546 851 645 909 Ausus
658 857 703 908 est
718 864 823 907 caecos
959 845 1057 904 Ausus
1071 853 1115 903 est
1129 862 1234 904 caecos

95 951 147 1014 Sed
162 953 302 1030 frequens
316 971 424 1030 magna
541 949 600 1010 Sed
615 948 751 1025 frequens
762 963 870 1023 magna
953 943 1011 1003 Sed
1025 943 1162 1020 frequens
1176 962 1285 1020 magna

539 1047 641 1120 Qualis
655 1047 759 1105 Eleum

540 1145 658 1218 Quanta
672 1163 740 1204 cum
755 1144 843 1220 longe

95 1246 147 1308 llis
163 1246 264 1306 datum
279 1247 348 1306 solis
958 1237 1014 1296 His
1029 1238 1129 1297 datum
1143 1237 1212 1298 solis

95 1346 152 1406 itat
168 1347 260 1406 chaos
275 1345 399 1405 densum
961 1337 1024 1397 Stat
1037 1337 1127 1397 chaos
1142 1338 1266 1398 densum

95 1445 164 1506 iera
178 1463 234 1504 nos
248 1444 297 1502 illo
870 1464 875 1474 ·
959 1436 1030 1496 Sera
1044 1454 1099 1496 nos
1114 1436 1164 1497 illo

960 1535 1040 1608 Quid
1054 1537 1134 1596 iuuat

95 1642 207 1703 Thebis
221 1642 296 1701 laeta
310 1641 372 1701 dies
387 1643 471 1702 adest
961 1635 1074 1695 Thebis
1087 1635 1163 1695 laeta
1177 1635 1239 1695 dies
1253 1635 1336 1696 adest

964 1733 1088 1795 Cessent
1102 1735 1236 1812 deposito

95 1839 195 1899 Stante
210 1836 273 1919 (εἰσ)
289 1838 436 1898 sacrificus
451 1855 553 1898 comas

95 1938 153 1997 l’ax
169 1947 214 1997 est
229 1937 374 1997 Herculea
388 1955 478 1996 manu
961 1933 1023 1993 Pax
1037 1944 1081 1994 est
1095 1934 1243 1994 Herculea
1256 1952 1345 1992 manu

187 2119 255 2179 Hae
280 2121 448 2196 partitiones
469 2118 640 2195 plerumque
661 2116 774 2177 duabus
798 2117 880 2176 lineis
901 2118 1004 2195 positis
1024 2120 1052 2175 ἐκ
1072 2121 1243 2193 παραλλήλου
1263 2121 1293 2178 in

144 2221 262 2281 sinistro
284 2220 371 2279 latere
392 2235 493 2277 uersus
507 2215 582 2297 (ε),
604 2216 756 2287 interdum,
776 2225 808 2276 ut
822 2217 852 2274 in
867 2216 1072 2290 Lincolniensi‚
1087 2218 1181 2294 prima
1201 2218 1294 2278 littera

144 2320 257 2378 maiore
278 2319 380 2377 ceteris
395 2326 424 2376 et
437 2316 537 2376 colore
558 2316 689 2394 quodam
710 2316 817 2393 insigni
839 2315 964 2394 adpicta,
979 2317 1034 2389 uel,
1049 2317 1130 2394 quod
1153 2318 1223 2377 alias
1244 2336 1295 2378 oe·

145 2418 233 2476 currit
246 2418 276 2474 in
291 2416 396 2475 eodem
412 2415 522 2487 codice,
540 2419 580 2491 q·
593 2425 726 2474 exstante
740 2426 769 2474 et
784 2414 898 2475 alternis
915 2415 1014 2487 minio,
1031 2416 1146 2475 alternis
1167 2434 1295 2494 purpura

145 2519 292 2587 distincto,
308 2516 490 2577 denotantur.
533 2514 683 2587 Quantum
703 2515 777 2573 inter
790 2532 823 2574 se
845 2516 1022 2575 conueniant
1041 2534 1077 2575 ex
1097 2517 1202 2575 tabulis
1223 2517 1295 2576 meis

146 2616 315 2693 apparebit;
340 2613 420 2692 quod
435 2612 580 2672 interdum
594 2612 771 2683 exciderunt,
786 2613 816 2672 id
830 2631 919 2672 nemo
933 2613 1089 2686 mirabitur,
1104 2615 1153 2690 qui
1168 2633 1229 2673 rem
1244 2634 1295 2693 per

147 2735 181 2775 se
202 2714 384 2772 artificiosam
405 2730 492 2787 aegre
513 2728 565 2786 per
584 2711 676 2788 longa
694 2712 810 2771 saecula
830 2712 1009 2772 incolumem
1027 2724 1124 2772 extare
1144 2716 1296 2790 reputabit.

147 2813 224 2873 lllud
246 2812 349 2872 saltem
370 2828 476 2869 omnes
490 2809 580 2870 credo
602 2827 794 2870 concessuros
803 2830 812 2883 ;
833 2810 922 2887 longe
937 2811 1057 2889 propius
1073 2829 1091 2870 a
1108 2830 1179 2872 uero
1193 2815 1296 2875 abesse

147 2913 200 2989 qui
220 2912 258 2971 ad
279 2909 464 2986 stropharum
478 2925 614 2967 normam
634 2919 662 2967 et
684 2909 871 2985 partitionum
887 2910 1030 2970 Senecam
1044 2920 1191 2983 reuocent,
1207 2930 1297 2988 quam

148 3013 200 3088 qui
216 3010 328 3087 scriptis
342 3018 434 3067 artem
450 3007 630 3068 Graecorum
641 3008 758 3068 imitatis
768 3020 856 3087 atque
870 3010 957 3070 etiam
972 3012 1002 3070 in
1016 3012 1109 3072 maius
1123 3013 1297 3089 augentibus

149 3110 331 3170 Graecorum
346 3117 455 3184 negent
467 3105 586 3165 artificia
600 3106 703 3166 inesse.

192 3206 336 3266 Senecam
351 3207 400 3282 qui
414 3206 542 3265 imitatus
556 3215 601 3263 est
616 3205 735 3265 Boetius
749 3224 811 3265 non
825 3208 932 3266 mirum
946 3209 970 3268 si
985 3211 1113 3269 carmina
1127 3229 1181 3270 sua
1195 3210 1298 3269 iisdem

149 3306 354 3386 gubernaculis
368 3306 448 3366 rexit.
490 3304 555 3364 Nec
572 3305 602 3363 in
617 3323 766 3382 quoquam
787 3306 860 3365 libro
881 3308 1002 3368 certiora
1023 3310 1201 3386 reperiuntur
1216 3311 1300 3388 signa

149 3405 326 3465 incisionum
351 3423 438 3481 quam
462 3405 491 3463 in
515 3422 552 3464 eo
576 3423 665 3481 quern
694 3406 806 3482 scripsit
831 3405 877 3465 hic
903 3406 939 3465 de
965 3405 1174 3468 Consolatione
1203 3408 1300 3468 Philo-⁴

150 3505 284 3582 sophiae.
325 3504 360 3563 Id
379 3504 460 3564 lectis
481 3504 659 3562 carminibus
680 3505 777 3563 statim
798 3506 924 3581 agnoui:
945 3517 1048 3582 postea
1069 3506 1198 3567 excussis
1219 3507 1300 3566 codi-

151 3606 234 3664 cibus
249 3614 332 3663 notas
347 3620 498 3680 superesse
517 3602 663 3678 intellego.
706 3602 795 3662 Velut
816 3622 933 3663 carmen
948 3622 1007 3680 quo
1028 3605 1131 3664 librum
1152 3623 1235 3665 orsus
1256 3615 1301 3665 est

151 3713 250 3782 partes
269 3702 357 3761 habet
377 3702 431 3760 has
453 3704 490 3773 84
503 3744 509 3758 .
521 3718 558 3772 44
571 3719 624 3759 .2:
646 3718 769 3776 quarum
791 3702 875 3779 signa
895 3701 950 3781 (sic
971 3704 1050 3762 enim
1071 3701 1179 3781 habeo)
1200 3714 1301 3764 extant

152 3804 181 3860 in
197 3802 318 3878 antiquo
333 3801 434 3860 codice
450 3799 530 3859 Saec.
547 3798 575 3856 X
590 3798 636 3858 uel
651 3799 695 3857 XI
709 3801 901 3860 bibliothecae
916 3800 1038 3878 Collegii
1058 3802 1208 3862 Trinitatis
1223 3803 1302 3879 apud

153 3901 347 3962 Oxonienses.
390 3899 467 3958 Nam
491 3915 572 3956 nono
596 3901 692 3959 uersui
717 3919 734 3958 a
758 3900 861 3960 dextro
886 3900 972 3960 latere
998 3901 1122 3978 paginae
1144 3902 1302 3977 ascriptum

152 4011 197 4060 est
228 4014 276 4096 ff
303 3999 387 4058 tertio
402 3999 517 4058 decimo
539 4017 591 4070 >3
620 3999 745 4074 septimo
760 4000 876 4060 decimo
903 4004 946 4080 γ,·
971 4001 1073 4060 ultimo
1091 4006 1120 4090 χ
1162 4000 1302 4059 Eiusdem

152 4101 216 4160 libri
232 4100 397 4176 proximum
412 4116 529 4158 carmen
544 4109 612 4177 post
627 4098 737 4175 primos
754 4110 812 4158 tres
832 4117 942 4170 uersus,
958 4108 1070 4159 ceteros
1091 4100 1179 4159 habet
1199 4098 1302 4158 eadem

154 4210 225 4259 nota
239 4201 302 4256 nard
317 4196 527 4258 &indistinctos
542 4199 599 4257 hoc
614 4196 705 4256 modo

443 4314 579 4374 Terrenis
592 4314 733 4391 quociens
747 4312 862 4371 flatibus
877 4323 960 4372 aucta

404 4343 556 4484 <erescit
569 4414 600 4471 in
614 4414 780 4472 inmensum
795 4412 884 4470 noxia
898 4429 967 4471 cura
