<?xml version="1.0" encoding="UTF-8"?>
<!DOCTYPE html PUBLIC "-//W3C//DTD XHTML 1.0 Transitional//EN"
    "http://www.w3.org/TR/xhtml1/DTD/xhtml1-transitional.dtd">
<html xmlns="http://www.w3.org/1999/xhtml" xml:lang="en" lang="en">
 <head>
  <title>
</title>
<meta http-equiv="Content-Type" content="text/html;charset=utf-8" />
  <meta name='ocr-system' content='tesseract 3.04.00' />
  <meta name='ocr-capabilities' content='ocr_page ocr_carea ocr_par ocr_line ocrx_word'/>
</head>
<body>
  <div class='ocr_page' id='page_1' title='image "./catulliliber00catugoog_0091.png"; bbox 0 0 2872 5002; ppageno 0'>
   <div class='ocr_carea' id='block_1_1' title="bbox 137 323 895 386">
    <p class='ocr_par' dir='ltr' id='par_1_1' title="bbox 137 323 895 386">
     <span class='ocr_line' id='line_1_1' title="bbox 137 323 895 386; baseline -0.004 0"><span class='ocrx_word' id='word_1_1' title='bbox 137 327 185 386; x_wconf 86' lang='lat' dir='ltr'><strong>lxii</strong></span> <span class='ocrx_word' id='word_1_2' title='bbox 530 323 895 385; x_wconf 87' lang='lat' dir='ltr'><strong>PROLEGOMENA.</strong></span> 
     </span>
    </p>
   </div>
   <div class='ocr_carea' id='block_1_2' title="bbox 139 504 1292 4412">
    <p class='ocr_par' dir='ltr' id='par_1_2' title="bbox 139 504 1292 4412">
     <span class='ocr_line' id='line_1_2' title="bbox 139 504 1291 584; baseline 0.002 -20"><span class='ocrx_word' id='word_1_3' title='bbox 139 508 252 583; x_wconf 85' lang='lat' dir='ltr'><strong>gremio</strong></span> <span class='ocrx_word' id='word_1_4' title='bbox 267 525 318 566; x_wconf 90' lang='lat' dir='ltr'><strong>sue</strong></span> <span class='ocrx_word' id='word_1_5' title='bbox 333 506 361 567; x_wconf 96' lang='lat' dir='ltr'>O</span> <span class='ocrx_word' id='word_1_6' title='bbox 376 507 519 584; x_wconf 88' lang='lat' dir='ltr'><strong>hymenee</strong></span> <span class='ocrx_word' id='word_1_7' title='bbox 534 506 676 583; x_wconf 85' lang='lat' dir='ltr'><strong>hymenee</strong></span> <span class='ocrx_word' id='word_1_8' title='bbox 690 506 799 583; x_wconf 86' lang='lat' dir='ltr'><strong>hymen</strong></span> <span class='ocrx_word' id='word_1_9' title='bbox 895 504 983 564; x_wconf 91' lang='lat' dir='ltr'><strong>Nulla</strong></span> <span class='ocrx_word' id='word_1_10' title='bbox 997 505 1068 583; x_wconf 92' lang='lat' dir='ltr'><strong>quid</strong></span> <span class='ocrx_word' id='word_1_11' title='bbox 1160 506 1291 566; x_wconf 82' lang='lat' dir='ltr'><strong>uincirier</strong></span> 
     </span>
     <span class='ocr_line' id='line_1_3' title="bbox 140 603 1292 681; baseline 0.001 -17"><span class='ocrx_word' id='word_1_12' title='bbox 140 606 278 664; x_wconf 84' lang='lat' dir='ltr'><strong>Auruleia</strong></span> <span class='ocrx_word' id='word_1_13' title='bbox 359 604 430 663; x_wconf 92' lang='lat' dir='ltr'><strong>Non</strong></span> <span class='ocrx_word' id='word_1_14' title='bbox 444 605 516 664; x_wconf 93' lang='lat' dir='ltr'><strong>leuis</strong></span> <span class='ocrx_word' id='word_1_15' title='bbox 530 607 587 664; x_wconf 91' lang='lat' dir='ltr'><strong>tuis</strong></span> <span class='ocrx_word' id='word_1_16' title='bbox 601 607 632 663; x_wconf 93' lang='lat' dir='ltr'><strong>in</strong></span> <span class='ocrx_word' id='word_1_17' title='bbox 646 607 723 663; x_wconf 91' lang='lat' dir='ltr'><strong>mala</strong></span> <span class='ocrx_word' id='word_1_18' title='bbox 737 605 861 663; x_wconf 89' lang='lat' dir='ltr'><strong>Deditus</strong></span> <span class='ocrx_word' id='word_1_19' title='bbox 874 604 917 662; x_wconf 91' lang='lat' dir='ltr'><strong>uir</strong></span> <span class='ocrx_word' id='word_1_20' title='bbox 931 604 1070 663; x_wconf 89' lang='lat' dir='ltr'><strong>adulteria</strong></span> <span class='ocrx_word' id='word_1_21' title='bbox 1147 603 1292 681; x_wconf 72' lang='lat' dir='ltr'><strong>papillul&#39;u</strong></span> 
     </span>
     <span class='ocr_line' id='line_1_4' title="bbox 140 701 1291 763; baseline 0.002 -2"><span class='ocrx_word' id='word_1_22' title='bbox 140 704 178 761; x_wconf 93' lang='lat' dir='ltr'><strong>ad</strong></span> <span class='ocrx_word' id='word_1_23' title='bbox 192 705 260 763; x_wconf 91' lang='lat' dir='ltr'><strong>sitas</strong></span> <span class='ocrx_word' id='word_1_24' title='bbox 344 703 476 763; x_wconf 82' lang='lat' dir='ltr'>Gaudeat</span> <span class='ocrx_word' id='word_1_25' title='bbox 492 704 544 762; x_wconf 92' lang='lat' dir='ltr'><strong>sed</strong></span> <span class='ocrx_word' id='word_1_26' title='bbox 558 703 618 762; x_wconf 93' lang='lat' dir='ltr'><strong>abit</strong></span> <span class='ocrx_word' id='word_1_27' title='bbox 633 703 694 762; x_wconf 90' lang='lat' dir='ltr'><strong>dies</strong></span> <span class='ocrx_word' id='word_1_28' title='bbox 777 701 884 760; x_wconf 88' lang='lat' dir='ltr'><strong>Tollite</strong></span> <span class='ocrx_word' id='word_1_29' title='bbox 898 720 918 761; x_wconf 95' lang='lat' dir='ltr'><strong>o</strong></span> <span class='ocrx_word' id='word_1_30' title='bbox 1002 701 1049 760; x_wconf 91' lang='lat' dir='ltr'><strong>Ne</strong></span> <span class='ocrx_word' id='word_1_31' title='bbox 1063 719 1154 760; x_wconf 91' lang='lat' dir='ltr'><strong>nuces</strong></span> <span class='ocrx_word' id='word_1_32' title='bbox 1243 701 1291 763; x_wconf 77' lang='lat' dir='ltr'><strong>Ne</strong></span> 
     </span>
     <span class='ocr_line' id='line_1_5' title="bbox 140 800 1292 878; baseline -0.002 -17"><span class='ocrx_word' id='word_1_33' title='bbox 140 804 261 878; x_wconf 89' lang='lat' dir='ltr'><strong>petitum</strong></span> <span class='ocrx_word' id='word_1_34' title='bbox 370 801 437 873; x_wconf 92' lang='lat' dir='ltr'><strong>Que</strong></span> <span class='ocrx_word' id='word_1_35' title='bbox 460 803 508 859; x_wconf 91' lang='lat' dir='ltr'><strong>tibi</strong></span> <span class='ocrx_word' id='word_1_36' title='bbox 531 802 592 860; x_wconf 93' lang='lat' dir='ltr'><strong>sine</strong></span> <span class='ocrx_word' id='word_1_37' title='bbox 615 801 672 858; x_wconf 89' lang='lat' dir='ltr'><strong>fine</strong></span> <span class='ocrx_word' id='word_1_38' title='bbox 694 800 781 858; x_wconf 90' lang='lat' dir='ltr'><strong>seruit</strong></span> <span class='ocrx_word' id='word_1_39' title='bbox 898 800 1088 878; x_wconf 91' lang='lat' dir='ltr'><strong>Rasilemque</strong></span> <span class='ocrx_word' id='word_1_40' title='bbox 1110 801 1176 860; x_wconf 92' lang='lat' dir='ltr'><strong>subi</strong></span> <span class='ocrx_word' id='word_1_41' title='bbox 1197 800 1292 859; x_wconf 80' lang='lat' dir='ltr'><strong>sorem</strong></span> 
     </span>
     <span class='ocr_line' id='line_1_6' title="bbox 140 898 1291 976; baseline -0.001 -17"><span class='ocrx_word' id='word_1_42' title='bbox 140 900 247 976; x_wconf 87' lang='lat' dir='ltr'>Aspice</span> <span class='ocrx_word' id='word_1_43' title='bbox 261 901 345 959; x_wconf 91' lang='lat' dir='ltr'><strong>unius</strong></span> <span class='ocrx_word' id='word_1_44' title='bbox 360 910 390 958; x_wconf 91' lang='lat' dir='ltr'><strong>ut</strong></span> <span class='ocrx_word' id='word_1_45' title='bbox 405 900 552 958; x_wconf 90' lang='lat' dir='ltr'><strong>accubans</strong></span> <span class='ocrx_word' id='word_1_46' title='bbox 666 898 710 957; x_wconf 90' lang='lat' dir='ltr'><strong>Illi</strong></span> <span class='ocrx_word' id='word_1_47' title='bbox 725 917 787 958; x_wconf 91' lang='lat' dir='ltr'><strong>non</strong></span> <span class='ocrx_word' id='word_1_48' title='bbox 801 898 897 957; x_wconf 91' lang='lat' dir='ltr'><strong>minus</strong></span> <span class='ocrx_word' id='word_1_49' title='bbox 912 917 946 956; x_wconf 93' lang='lat' dir='ltr'><strong>ae</strong></span> <span class='ocrx_word' id='word_1_50' title='bbox 961 900 1077 957; x_wconf 81' lang='lat' dir='ltr'><strong>tibiam.</strong></span> <span class='ocrx_word' id='word_1_51' title='bbox 1190 899 1291 974; x_wconf 78' lang='lat' dir='ltr'><strong>ponite</strong></span> 
     </span>
     <span class='ocr_line' id='line_1_7' title="bbox 139 996 1291 1075; baseline 0.003 -20"><span class='ocrx_word' id='word_1_52' title='bbox 139 999 233 1074; x_wconf 86' lang='lat' dir='ltr'><strong>magis</strong></span> <span class='ocrx_word' id='word_1_53' title='bbox 328 999 413 1057; x_wconf 89' lang='lat' dir='ltr'><strong>adeat</strong></span> <span class='ocrx_word' id='word_1_54' title='bbox 427 998 480 1056; x_wconf 89' lang='lat' dir='ltr'><strong>uiri</strong></span> <span class='ocrx_word' id='word_1_55' title='bbox 576 998 692 1074; x_wconf 81' lang='lat' dir='ltr'>cognite</span> <span class='ocrx_word' id='word_1_56' title='bbox 706 997 780 1055; x_wconf 91' lang='lat' dir='ltr'><strong>beue</strong></span> <span class='ocrx_word' id='word_1_57' title='bbox 877 997 1033 1073; x_wconf 87' lang='lat' dir='ltr'><strong>puellulam</strong></span> <span class='ocrx_word' id='word_1_58' title='bbox 1127 996 1291 1075; x_wconf 87' lang='lat' dir='ltr'><strong>parthenite</strong></span> 
     </span>
     <span class='ocr_line' id='line_1_8' title="bbox 140 1094 1292 1172; baseline 0.001 -18"><span class='ocrx_word' id='word_1_59' title='bbox 140 1097 204 1155; x_wconf 92' lang='lat' dir='ltr'><strong>Iam</strong></span> <span class='ocrx_word' id='word_1_60' title='bbox 220 1115 311 1155; x_wconf 90' lang='lat' dir='ltr'><strong>uenus</strong></span> <span class='ocrx_word' id='word_1_61' title='bbox 324 1097 404 1154; x_wconf 90' lang='lat' dir='ltr'><strong>bona</strong></span> <span class='ocrx_word' id='word_1_62' title='bbox 418 1107 446 1155; x_wconf 87' lang='lat' dir='ltr'><strong>te</strong></span> <span class='ocrx_word' id='word_1_63' title='bbox 461 1114 553 1172; x_wconf 87' lang='lat' dir='ltr'><strong>nenu3</strong></span> <span class='ocrx_word' id='word_1_64' title='bbox 569 1095 686 1153; x_wconf 91' lang='lat' dir='ltr'><strong>Inuenit</strong></span> <span class='ocrx_word' id='word_1_65' title='bbox 788 1095 916 1171; x_wconf 90' lang='lat' dir='ltr'><strong>pulueris</strong></span> <span class='ocrx_word' id='word_1_66' title='bbox 930 1095 1036 1154; x_wconf 92' lang='lat' dir='ltr'><strong>etheris</strong></span> <span class='ocrx_word' id='word_1_67' title='bbox 1137 1096 1219 1153; x_wconf 90' lang='lat' dir='ltr'><strong>milia</strong></span> <span class='ocrx_word' id='word_1_68' title='bbox 1233 1094 1292 1155; x_wconf 87' lang='lat' dir='ltr'><strong>ludi</strong></span> 
     </span>
     <span class='ocr_line' id='line_1_9' title="bbox 139 1193 1292 1270; baseline -0.001 -17"><span class='ocrx_word' id='word_1_69' title='bbox 139 1195 177 1253; x_wconf 89' lang='lat' dir='ltr'><strong>Et</strong></span> <span class='ocrx_word' id='word_1_70' title='bbox 192 1195 279 1253; x_wconf 91' lang='lat' dir='ltr'><strong>ludite</strong></span> <span class='ocrx_word' id='word_1_71' title='bbox 293 1194 371 1252; x_wconf 92' lang='lat' dir='ltr'><strong>lubet</strong></span> <span class='ocrx_word' id='word_1_72' title='bbox 468 1193 519 1251; x_wconf 94' lang='lat' dir='ltr'><strong>sed</strong></span> <span class='ocrx_word' id='word_1_73' title='bbox 533 1193 601 1250; x_wconf 92' lang='lat' dir='ltr'><strong>inde</strong></span> <span class='ocrx_word' id='word_1_74' title='bbox 698 1195 842 1270; x_wconf 87' lang='lat' dir='ltr'>approbat</span> <span class='ocrx_word' id='word_1_75' title='bbox 937 1193 1079 1270; x_wconf 86' lang='lat' dir='ltr'><strong>Coniugis</strong></span> <span class='ocrx_word' id='word_1_76' title='bbox 1093 1193 1154 1253; x_wconf 87' lang='lat' dir='ltr'><strong>uite</strong></span> <span class='ocrx_word' id='word_1_77' title='bbox 1167 1195 1248 1251; x_wconf 90' lang='lat' dir='ltr'><strong>bone</strong></span> <span class='ocrx_word' id='word_1_78' title='bbox 1262 1201 1292 1252; x_wconf 88' lang='lat' dir='ltr'><strong>et</strong></span> 
     </span>
     <span class='ocr_line' id='line_1_10' title="bbox 139 1290 1292 1367; baseline -0.002 -16"><span class='ocrx_word' id='word_1_79' title='bbox 139 1293 266 1351; x_wconf 88' lang='lat' dir='ltr'><strong>ualidam</strong></span> <span class='ocrx_word' id='word_1_80' title='bbox 368 1299 473 1349; x_wconf 91' lang='lat' dir='ltr'><strong>canent</strong></span> <span class='ocrx_word' id='word_1_81' title='bbox 488 1308 547 1365; x_wconf 92' lang='lat' dir='ltr'><strong>quo</strong></span> <span class='ocrx_word' id='word_1_82' title='bbox 561 1291 654 1349; x_wconf 89' lang='lat' dir='ltr'><strong>uisere</strong></span> <span class='ocrx_word' id='word_1_83' title='bbox 668 1301 771 1367; x_wconf 91' lang='lat' dir='ltr'><strong>parent</strong></span> <span class='ocrx_word' id='word_1_84' title='bbox 881 1309 981 1351; x_wconf 91' lang='lat' dir='ltr'><strong>secum</strong></span> <span class='ocrx_word' id='word_1_85' title='bbox 995 1302 1027 1349; x_wconf 92' lang='lat' dir='ltr'><strong>ut</strong></span> <span class='ocrx_word' id='word_1_86' title='bbox 1041 1292 1181 1350; x_wconf 86' lang='lat' dir='ltr'><strong>meditata</strong></span> <span class='ocrx_word' id='word_1_87' title='bbox 1196 1290 1292 1366; x_wconf 88' lang='lat' dir='ltr'><strong>requi·</strong></span> 
     </span>
     <span class='ocr_line' id='line_1_11' title="bbox 139 1388 1291 1465; baseline -0.001 -16"><span class='ocrx_word' id='word_1_88' title='bbox 139 1403 205 1449; x_wconf 89' lang='lat' dir='ltr'><strong>runt</strong></span> <span class='ocrx_word' id='word_1_89' title='bbox 299 1390 452 1448; x_wconf 86' lang='lat' dir='ltr'><strong>uincentur</strong></span> <span class='ocrx_word' id='word_1_90' title='bbox 466 1398 544 1446; x_wconf 89' lang='lat' dir='ltr'><strong>amat</strong></span> <span class='ocrx_word' id='word_1_91' title='bbox 635 1388 734 1462; x_wconf 87' lang='lat' dir='ltr'>Quare</span> <span class='ocrx_word' id='word_1_92' title='bbox 749 1407 811 1447; x_wconf 91' lang='lat' dir='ltr'><strong>non</strong></span> <span class='ocrx_word' id='word_1_93' title='bbox 825 1389 940 1448; x_wconf 91' lang='lat' dir='ltr'><strong>animos</strong></span> <span class='ocrx_word' id='word_1_94' title='bbox 1034 1389 1212 1465; x_wconf 85' lang='lat' dir='ltr'><strong>Vespeiqui</strong></span> <span class='ocrx_word' id='word_1_95' title='bbox 1227 1388 1291 1448; x_wconf 89' lang='lat' dir='ltr'><strong>celo</strong></span> 
     </span>
     <span class='ocr_line' id='line_1_12' title="bbox 139 1486 1291 1563; baseline -0.003 -16"><span class='ocrx_word' id='word_1_96' title='bbox 139 1489 217 1548; x_wconf 89' lang='lat' dir='ltr'><strong>ludet</strong></span> <span class='ocrx_word' id='word_1_97' title='bbox 231 1487 372 1547; x_wconf 87' lang='lat' dir='ltr'><strong>crudelior</strong></span> <span class='ocrx_word' id='word_1_98' title='bbox 474 1486 609 1563; x_wconf 89' lang='lat' dir='ltr'><strong>Hespere</strong></span> <span class='ocrx_word' id='word_1_99' title='bbox 623 1488 674 1562; x_wconf 91' lang='lat' dir='ltr'><strong>qui</strong></span> <span class='ocrx_word' id='word_1_100' title='bbox 687 1486 750 1546; x_wconf 92' lang='lat' dir='ltr'><strong>celo</strong></span> <span class='ocrx_word' id='word_1_101' title='bbox 765 1489 840 1547; x_wconf 90' lang='lat' dir='ltr'><strong>lucet</strong></span> <span class='ocrx_word' id='word_1_102' title='bbox 854 1488 1009 1546; x_wconf 93' lang='lat' dir='ltr'><strong>iucundior</strong></span> <span class='ocrx_word' id='word_1_103' title='bbox 1022 1487 1100 1563; x_wconf 89' lang='lat' dir='ltr'><strong>ignis</strong></span> <span class='ocrx_word' id='word_1_104' title='bbox 1115 1487 1175 1558; x_wconf 91' lang='lat' dir='ltr'><strong>Qui</strong></span> <span class='ocrx_word' id='word_1_105' title='bbox 1190 1497 1291 1545; x_wconf 88' lang='lat' dir='ltr'><strong>natam</strong></span> 
     </span>
     <span class='ocr_line' id='line_1_13' title="bbox 140 1584 1290 1663; baseline -0.002 -18"><span class='ocrx_word' id='word_1_106' title='bbox 140 1588 234 1663; x_wconf 89' lang='lat' dir='ltr'><strong>possis</strong></span> <span class='ocrx_word' id='word_1_107' title='bbox 249 1585 405 1662; x_wconf 85' lang='lat' dir='ltr'><strong>complexu</strong></span> <span class='ocrx_word' id='word_1_108' title='bbox 419 1584 541 1643; x_wconf 91' lang='lat' dir='ltr'><strong>auellere</strong></span> <span class='ocrx_word' id='word_1_109' title='bbox 556 1586 656 1644; x_wconf 88' lang='lat' dir='ltr'><strong>matris</strong></span> <span class='ocrx_word' id='word_1_110' title='bbox 672 1584 731 1658; x_wconf 90' lang='lat' dir='ltr'><strong>Qui</strong></span> <span class='ocrx_word' id='word_1_111' title='bbox 746 1585 894 1661; x_wconf 85' lang='lat' dir='ltr'><strong>desponsa</strong></span> <span class='ocrx_word' id='word_1_112' title='bbox 1047 1587 1169 1643; x_wconf 88' lang='lat' dir='ltr'><strong>nomine</strong></span> <span class='ocrx_word' id='word_1_113' title='bbox 1184 1585 1290 1643; x_wconf 90' lang='lat' dir='ltr'><strong>eodem</strong></span> 
     </span>
     <span class='ocr_line' id='line_1_14' title="bbox 140 1683 1291 1759; baseline -0.002 -16"><span class='ocrx_word' id='word_1_114' title='bbox 140 1685 210 1743; x_wconf 92' lang='lat' dir='ltr'><strong>nulli</strong></span> <span class='ocrx_word' id='word_1_115' title='bbox 225 1694 365 1742; x_wconf 88' lang='lat' dir='ltr'><strong>contusus</strong></span> <span class='ocrx_word' id='word_1_116' title='bbox 452 1693 555 1759; x_wconf 90' lang='lat' dir='ltr'><strong>eaptus</strong></span> <span class='ocrx_word' id='word_1_117' title='bbox 569 1683 702 1741; x_wconf 88' lang='lat' dir='ltr'><strong>defloruit</strong></span> <span class='ocrx_word' id='word_1_118' title='bbox 792 1685 919 1742; x_wconf 91' lang='lat' dir='ltr'><strong>nascitur</strong></span> <span class='ocrx_word' id='word_1_119' title='bbox 933 1700 1004 1741; x_wconf 93' lang='lat' dir='ltr'><strong>auro</strong></span> <span class='ocrx_word' id='word_1_120' title='bbox 1087 1683 1157 1741; x_wconf 89' lang='lat' dir='ltr'><strong>nulli</strong></span> <span class='ocrx_word' id='word_1_121' title='bbox 1173 1683 1291 1741; x_wconf 89' lang='lat' dir='ltr'><strong>coluere</strong></span> 
     </span>
     <span class='ocr_line' id='line_1_15' title="bbox 140 1781 1291 1857; baseline -0.001 -16"><span class='ocrx_word' id='word_1_122' title='bbox 140 1783 221 1841; x_wconf 91' lang='lat' dir='ltr'><strong>multi</strong></span> <span class='ocrx_word' id='word_1_123' title='bbox 236 1781 387 1840; x_wconf 87' lang='lat' dir='ltr'><strong>accoluere</strong></span> <span class='ocrx_word' id='word_1_124' title='bbox 449 1781 489 1838; x_wconf 87' lang='lat' dir='ltr'><strong>At</strong></span> <span class='ocrx_word' id='word_1_125' title='bbox 501 1781 586 1856; x_wconf 91' lang='lat' dir='ltr'><strong>uirgo</strong></span> <span class='ocrx_word' id='word_1_126' title='bbox 601 1781 671 1838; x_wconf 90' lang='lat' dir='ltr'><strong>dum</strong></span> <span class='ocrx_word' id='word_1_127' title='bbox 686 1782 795 1840; x_wconf 91' lang='lat' dir='ltr'><strong>intacta</strong></span> <span class='ocrx_word' id='word_1_128' title='bbox 847 1781 923 1840; x_wconf 90' lang='lat' dir='ltr'><strong>Cara</strong></span> <span class='ocrx_word' id='word_1_129' title='bbox 936 1782 1031 1857; x_wconf 86' lang='lat' dir='ltr'><strong>magis</strong></span> <span class='ocrx_word' id='word_1_130' title='bbox 1044 1782 1128 1857; x_wconf 90' lang='lat' dir='ltr'><strong>uirgo</strong></span> <span class='ocrx_word' id='word_1_131' title='bbox 1144 1782 1291 1857; x_wconf 91' lang='lat' dir='ltr'><strong>nimisque</strong></span> 
     </span>
     <span class='ocr_line' id='line_1_16' title="bbox 139 1878 1290 1956; baseline 0.001 -18"><span class='ocrx_word' id='word_1_132' title='bbox 139 1882 231 1939; x_wconf 89' lang='lat' dir='ltr'><strong>inuisa</strong></span> <span class='ocrx_word' id='word_1_133' title='bbox 244 1879 357 1956; x_wconf 89' lang='lat' dir='ltr'><strong>parenti</strong></span> <span class='ocrx_word' id='word_1_134' title='bbox 451 1878 490 1937; x_wconf 91' lang='lat' dir='ltr'><strong>Et</strong></span> <span class='ocrx_word' id='word_1_135' title='bbox 504 1889 535 1937; x_wconf 95' lang='lat' dir='ltr'><strong>tu</strong></span> <span class='ocrx_word' id='word_1_136' title='bbox 549 1897 604 1938; x_wconf 90' lang='lat' dir='ltr'><strong>nec</strong></span> <span class='ocrx_word' id='word_1_137' title='bbox 704 1879 775 1938; x_wconf 91' lang='lat' dir='ltr'><strong>Non</strong></span> <span class='ocrx_word' id='word_1_138' title='bbox 789 1898 896 1956; x_wconf 91' lang='lat' dir='ltr'><strong>equum</strong></span> <span class='ocrx_word' id='word_1_139' title='bbox 911 1891 954 1938; x_wconf 91' lang='lat' dir='ltr'><strong>est</strong></span> <span class='ocrx_word' id='word_1_140' title='bbox 968 1898 1100 1956; x_wconf 88' lang='lat' dir='ltr'><strong>pugnare</strong></span> <span class='ocrx_word' id='word_1_141' title='bbox 1114 1887 1173 1937; x_wconf 84' lang='lat' dir='ltr'><strong>lum</strong></span> <span class='ocrx_word' id='word_1_142' title='bbox 1189 1879 1290 1952; x_wconf 92' lang='lat' dir='ltr'><strong>Quom</strong></span> 
     </span>
     <span class='ocr_line' id='line_1_17' title="bbox 140 1977 1289 2055; baseline 0 -19"><span class='ocrx_word' id='word_1_143' title='bbox 140 1997 192 2055; x_wconf 91' lang='lat' dir='ltr'><strong>par</strong></span> <span class='ocrx_word' id='word_1_144' title='bbox 206 1978 364 2035; x_wconf 88' lang='lat' dir='ltr'><strong>conubium</strong></span> <span class='ocrx_word' id='word_1_145' title='bbox 378 1984 434 2035; x_wconf 83' lang='lat' dir='ltr'><strong>tum</strong></span> <span class='ocrx_word' id='word_1_146' title='bbox 449 1977 517 2052; x_wconf 92' lang='lat' dir='ltr'><strong>Ipse</strong></span> <span class='ocrx_word' id='word_1_147' title='bbox 532 1987 613 2054; x_wconf 86' lang='lat' dir='ltr'><strong>pater</strong></span> <span class='ocrx_word' id='word_1_148' title='bbox 629 1979 734 2049; x_wconf 79' lang='lat' dir='ltr'><strong>(sz‘ced.</strong></span> <span class='ocrx_word' id='word_1_149' title='bbox 747 1978 802 2036; x_wconf 82' lang='lat' dir='ltr'><strong>Pr.</strong></span> <span class='ocrx_word' id='word_1_150' title='bbox 819 1979 844 2052; x_wconf 70' lang='lat' dir='ltr'><strong>d·</strong></span> <span class='ocrx_word' id='word_1_151' title='bbox 862 1981 951 2050; x_wconf 85' lang='lat'>1481)</span> <span class='ocrx_word' id='word_1_152' title='bbox 1000 1988 1155 2053; x_wconf 88' lang='lat' dir='ltr'><strong>parentum</strong></span> <span class='ocrx_word' id='word_1_153' title='bbox 1204 1979 1289 2036; x_wconf 86' lang='lat' dir='ltr'><strong>matri</strong></span> 
     </span>
     <span class='ocr_line' id='line_1_18' title="bbox 140 2075 1290 2154; baseline 0.001 -19"><span class='ocrx_word' id='word_1_154' title='bbox 140 2095 208 2154; x_wconf 92' lang='lat' dir='ltr'><strong>pars</strong></span> <span class='ocrx_word' id='word_1_155' title='bbox 224 2077 291 2135; x_wconf 90' lang='lat' dir='ltr'><strong>data</strong></span> <span class='ocrx_word' id='word_1_156' title='bbox 305 2075 392 2134; x_wconf 90' lang='lat' dir='ltr'><strong>tercia</strong></span> <span class='ocrx_word' id='word_1_157' title='bbox 461 2077 525 2135; x_wconf 87' lang='lat' dir='ltr'><strong>Atis</strong></span> <span class='ocrx_word' id='word_1_158' title='bbox 541 2077 626 2136; x_wconf 89' lang='lat' dir='ltr'><strong>celeri</strong></span> <span class='ocrx_word' id='word_1_159' title='bbox 701 2078 767 2135; x_wconf 91' lang='lat' dir='ltr'><strong>loca</strong></span> <span class='ocrx_word' id='word_1_160' title='bbox 782 2077 859 2136; x_wconf 91' lang='lat' dir='ltr'><strong>deei</strong></span> <span class='ocrx_word' id='word_1_161' title='bbox 935 2095 1029 2153; x_wconf 90' lang='lat' dir='ltr'><strong>uagus</strong></span> <span class='ocrx_word' id='word_1_162' title='bbox 1043 2095 1129 2135; x_wconf 88' lang='lat' dir='ltr'><strong>amns</strong></span> <span class='ocrx_word' id='word_1_163' title='bbox 1200 2079 1290 2137; x_wconf 89' lang='lat' dir='ltr'><strong>lectas</strong></span> 
     </span>
     <span class='ocr_line' id='line_1_19' title="bbox 140 2174 1289 2253; baseline 0.003 -21"><span class='ocrx_word' id='word_1_164' title='bbox 140 2187 227 2234; x_wconf 91' lang='lat' dir='ltr'><strong>acuto</strong></span> <span class='ocrx_word' id='word_1_165' title='bbox 242 2176 295 2232; x_wconf 91' lang='lat' dir='ltr'>sibi</span> <span class='ocrx_word' id='word_1_166' title='bbox 310 2176 439 2250; x_wconf 91' lang='lat' dir='ltr'><strong>pondere</strong></span> <span class='ocrx_word' id='word_1_167' title='bbox 454 2174 548 2233; x_wconf 89' lang='lat' dir='ltr'><strong>silices</strong></span> <span class='ocrx_word' id='word_1_168' title='bbox 620 2175 735 2235; x_wconf 88' lang='lat' dir='ltr'><strong>macula</strong></span> <span class='ocrx_word' id='word_1_169' title='bbox 811 2175 943 2235; x_wconf 86' lang='lat' dir='ltr'><strong>Hilarate</strong></span> <span class='ocrx_word' id='word_1_170' title='bbox 958 2175 1030 2235; x_wconf 87' lang='lat' dir='ltr'><strong>heus</strong></span> <span class='ocrx_word' id='word_1_171' title='bbox 1044 2176 1197 2253; x_wconf 88' lang='lat' dir='ltr'><strong>citatisque</strong></span> <span class='ocrx_word' id='word_1_172' title='bbox 1212 2176 1289 2236; x_wconf 85' lang='lat' dir='ltr'><strong>furo·</strong></span> 
     </span>
     <span class='ocr_line' id='line_1_20' title="bbox 141 2272 1289 2333; baseline 0.001 -1"><span class='ocrx_word' id='word_1_173' title='bbox 141 2275 219 2332; x_wconf 88' lang='lat' dir='ltr'><strong>ribus</strong></span> <span class='ocrx_word' id='word_1_174' title='bbox 234 2273 322 2331; x_wconf 90' lang='lat' dir='ltr'><strong>animi</strong></span> <span class='ocrx_word' id='word_1_175' title='bbox 425 2272 483 2330; x_wconf 92' lang='lat' dir='ltr'><strong>Vbi</strong></span> <span class='ocrx_word' id='word_1_176' title='bbox 498 2274 637 2331; x_wconf 92' lang='lat' dir='ltr'><strong>uerticem</strong></span> <span class='ocrx_word' id='word_1_177' title='bbox 653 2291 737 2332; x_wconf 91' lang='lat' dir='ltr'><strong>suum</strong></span> <span class='ocrx_word' id='word_1_178' title='bbox 752 2275 892 2333; x_wconf 88' lang='lat' dir='ltr'><strong>menades</strong></span> <span class='ocrx_word' id='word_1_179' title='bbox 907 2274 1027 2333; x_wconf 93' lang='lat' dir='ltr'><strong>iniciunt</strong></span> <span class='ocrx_word' id='word_1_180' title='bbox 1144 2275 1289 2333; x_wconf 89' lang='lat' dir='ltr'><strong>celebrare</strong></span> 
     </span>
     <span class='ocr_line' id='line_1_21' title="bbox 140 2371 1289 2449; baseline 0 -18"><span class='ocrx_word' id='word_1_181' title='bbox 140 2373 271 2449; x_wconf 76' lang='lat' dir='ltr'><strong>tripudiis</strong></span> <span class='ocrx_word' id='word_1_182' title='bbox 367 2371 466 2430; x_wconf 91' lang='lat' dir='ltr'><strong>animo</strong></span> <span class='ocrx_word' id='word_1_183' title='bbox 488 2390 608 2448; x_wconf 86' lang='lat' dir='ltr'><strong>gemens</strong></span> <span class='ocrx_word' id='word_1_184' title='bbox 706 2372 847 2431; x_wconf 88' lang='lat' dir='ltr'><strong>indomita</strong></span> <span class='ocrx_word' id='word_1_185' title='bbox 868 2374 927 2449; x_wconf 91' lang='lat' dir='ltr'><strong>iugi</strong></span> <span class='ocrx_word' id='word_1_186' title='bbox 1030 2373 1146 2432; x_wconf 86' lang='lat' dir='ltr'><strong>labante</strong></span> <span class='ocrx_word' id='word_1_187' title='bbox 1167 2372 1289 2449; x_wconf 87' lang='lat' dir='ltr'><strong>langore</strong></span> 
     </span>
     <span class='ocr_line' id='line_1_22' title="bbox 140 2468 1289 2548; baseline -0.002 -18"><span class='ocrx_word' id='word_1_188' title='bbox 140 2473 187 2530; x_wconf 91' lang='lat' dir='ltr'><strong>hic</strong></span> <span class='ocrx_word' id='word_1_189' title='bbox 201 2469 310 2529; x_wconf 90' lang='lat' dir='ltr'><strong>labellis</strong></span> <span class='ocrx_word' id='word_1_190' title='bbox 323 2468 422 2546; x_wconf 78' lang='lat' dir='ltr'><strong>balam</strong></span> <span class='ocrx_word' id='word_1_191' title='bbox 437 2470 547 2529; x_wconf 89' lang='lat' dir='ltr'><strong>sonitus</strong></span> <span class='ocrx_word' id='word_1_192' title='bbox 561 2470 630 2528; x_wconf 90' lang='lat' dir='ltr'><strong>adiit</strong></span> <span class='ocrx_word' id='word_1_193' title='bbox 760 2472 875 2546; x_wconf 90' lang='lat' dir='ltr'><strong>cybeles</strong></span> <span class='ocrx_word' id='word_1_194' title='bbox 889 2472 1021 2530; x_wconf 91' lang='lat' dir='ltr'><strong>leonibus</strong></span> <span class='ocrx_word' id='word_1_195' title='bbox 1152 2472 1289 2548; x_wconf 86' lang='lat' dir='ltr'><strong>Agedum</strong></span> 
     </span>
     <span class='ocr_line' id='line_1_23' title="bbox 139 2567 1290 2646; baseline -0.001 -18"><span class='ocrx_word' id='word_1_196' title='bbox 139 2570 232 2646; x_wconf 91' lang='lat' dir='ltr'><strong>inquit</strong></span> <span class='ocrx_word' id='word_1_197' title='bbox 247 2569 344 2627; x_wconf 80' lang='lat' dir='ltr'><strong>seror:</strong></span> <span class='ocrx_word' id='word_1_198' title='bbox 366 2586 445 2627; x_wconf 89' lang='lat' dir='ltr'><strong>nune</strong></span> <span class='ocrx_word' id='word_1_199' title='bbox 460 2567 523 2626; x_wconf 90' lang='lat' dir='ltr'><strong>sace</strong></span> <span class='ocrx_word' id='word_1_200' title='bbox 538 2567 616 2627; x_wconf 84' lang='lat' dir='ltr'><strong>furor</strong></span> <span class='ocrx_word' id='word_1_201' title='bbox 631 2569 761 2627; x_wconf 90' lang='lat' dir='ltr'><strong>animum</strong></span> <span class='ocrx_word' id='word_1_202' title='bbox 864 2571 998 2645; x_wconf 87' lang='lat' dir='ltr'><strong>Faceque</strong></span> <span class='ocrx_word' id='word_1_203' title='bbox 1013 2569 1115 2628; x_wconf 81' lang='lat' dir='ltr'><strong>furoris</strong></span> <span class='ocrx_word' id='word_1_204' title='bbox 1219 2569 1290 2627; x_wconf 89' lang='lat' dir='ltr'><strong>Mea</strong></span> 
     </span>
     <span class='ocr_line' id='line_1_24' title="bbox 139 2667 1289 2744; baseline -0.001 -18"><span class='ocrx_word' id='word_1_205' title='bbox 139 2670 211 2727; x_wconf 91' lang='lat' dir='ltr'><strong>liber</strong></span> <span class='ocrx_word' id='word_1_206' title='bbox 226 2678 269 2725; x_wconf 90' lang='lat' dir='ltr'><strong>est</strong></span> <span class='ocrx_word' id='word_1_207' title='bbox 282 2668 368 2725; x_wconf 91' lang='lat' dir='ltr'><strong>nimis</strong></span> <span class='ocrx_word' id='word_1_208' title='bbox 383 2668 432 2743; x_wconf 92' lang='lat' dir='ltr'><strong>qui</strong></span> <span class='ocrx_word' id='word_1_209' title='bbox 541 2677 589 2724; x_wconf 92' lang='lat' dir='ltr'><strong>tua</strong></span> <span class='ocrx_word' id='word_1_210' title='bbox 604 2667 722 2742; x_wconf 85' lang='lat' dir='ltr'><strong>iuraque</strong></span> <span class='ocrx_word' id='word_1_211' title='bbox 737 2677 833 2744; x_wconf 88' lang='lat' dir='ltr'><strong>repete</strong></span> <span class='ocrx_word' id='word_1_212' title='bbox 943 2668 1018 2727; x_wconf 88' lang='lat' dir='ltr'><strong>Face</strong></span> <span class='ocrx_word' id='word_1_213' title='bbox 1034 2678 1122 2727; x_wconf 88' lang='lat' dir='ltr'><strong>cunta</strong></span> <span class='ocrx_word' id='word_1_214' title='bbox 1235 2668 1289 2725; x_wconf 87' lang='lat' dir='ltr'><strong>sita</strong></span> 
     </span>
     <span class='ocr_line' id='line_1_25' title="bbox 141 2766 1288 2843; baseline -0.001 -20"><span class='ocrx_word' id='word_1_215' title='bbox 141 2767 289 2824; x_wconf 81' lang='lat' dir='ltr'><strong>decurrere</strong></span> <span class='ocrx_word' id='word_1_216' title='bbox 305 2766 394 2840; x_wconf 94' lang='lat' dir='ltr'><strong>puppi</strong></span> <span class='ocrx_word' id='word_1_217' title='bbox 487 2775 631 2823; x_wconf 86' lang='lat' dir='ltr'><strong>uertentes</strong></span> <span class='ocrx_word' id='word_1_218' title='bbox 647 2767 777 2841; x_wconf 86' lang='lat' dir='ltr'><strong>abiegnis</strong></span> <span class='ocrx_word' id='word_1_219' title='bbox 867 2766 977 2842; x_wconf 86' lang='lat' dir='ltr'><strong>illaque</strong></span> <span class='ocrx_word' id='word_1_220' title='bbox 992 2777 1079 2843; x_wconf 89' lang='lat' dir='ltr'><strong>atque</strong></span> <span class='ocrx_word' id='word_1_221' title='bbox 1094 2767 1150 2825; x_wconf 90' lang='lat' dir='ltr'><strong>alia</strong></span> <span class='ocrx_word' id='word_1_222' title='bbox 1246 2767 1288 2823; x_wconf 92' lang='lat' dir='ltr'><strong>in-</strong></span> 
     </span>
     <span class='ocr_line' id='line_1_26' title="bbox 141 2862 1289 2941; baseline 0.001 -20"><span class='ocrx_word' id='word_1_223' title='bbox 141 2881 261 2921; x_wconf 90' lang='lat' dir='ltr'><strong>censum</strong></span> <span class='ocrx_word' id='word_1_224' title='bbox 277 2862 363 2919; x_wconf 74' lang='lat' dir='ltr'><strong>lemur</strong></span> <span class='ocrx_word' id='word_1_225' title='bbox 466 2863 624 2938; x_wconf 77' lang='lat' dir='ltr'><strong>neptuniae</strong></span> <span class='ocrx_word' id='word_1_226' title='bbox 721 2864 897 2922; x_wconf 89' lang='lat' dir='ltr'><strong>Pharsaliam</strong></span> <span class='ocrx_word' id='word_1_227' title='bbox 913 2874 1042 2941; x_wconf 92' lang='lat' dir='ltr'><strong>coquunt</strong></span> <span class='ocrx_word' id='word_1_228' title='bbox 1152 2864 1190 2923; x_wconf 90' lang='lat' dir='ltr'><strong>ad</strong></span> <span class='ocrx_word' id='word_1_229' title='bbox 1204 2865 1289 2924; x_wconf 88' lang='lat' dir='ltr'><strong>sedes</strong></span> 
     </span>
     <span class='ocr_line' id='line_1_27' title="bbox 142 2960 1288 3038; baseline 0.003 -21"><span class='ocrx_word' id='word_1_230' title='bbox 142 2978 330 3036; x_wconf 89' lang='lat' dir='ltr'><strong>quascunque</strong></span> <span class='ocrx_word' id='word_1_231' title='bbox 440 2960 509 3017; x_wconf 93' lang='lat' dir='ltr'><strong>nido</strong></span> <span class='ocrx_word' id='word_1_232' title='bbox 524 2961 604 3035; x_wconf 87' lang='lat' dir='ltr'><strong>quod</strong></span> <span class='ocrx_word' id='word_1_233' title='bbox 619 2961 705 3019; x_wconf 91' lang='lat' dir='ltr'><strong>dente</strong></span> <span class='ocrx_word' id='word_1_234' title='bbox 820 2980 940 3038; x_wconf 86' lang='lat' dir='ltr'><strong>seseque</strong></span> <span class='ocrx_word' id='word_1_235' title='bbox 955 2963 999 3021; x_wconf 93' lang='lat' dir='ltr'><strong>sui</strong></span> <span class='ocrx_word' id='word_1_236' title='bbox 1013 2973 1075 3021; x_wconf 92' lang='lat' dir='ltr'><strong>tum</strong></span> <span class='ocrx_word' id='word_1_237' title='bbox 1090 2963 1211 3022; x_wconf 88' lang='lat' dir='ltr'><strong>eredidit</strong></span> <span class='ocrx_word' id='word_1_238' title='bbox 1225 2982 1288 3021; x_wconf 91' lang='lat' dir='ltr'><strong>esse</strong></span> 
     </span>
     <span class='ocr_line' id='line_1_28' title="bbox 142 3058 1289 3137; baseline 0.002 -21"><span class='ocrx_word' id='word_1_239' title='bbox 142 3059 232 3116; x_wconf 88' lang='lat' dir='ltr'><strong>cernit</strong></span> <span class='ocrx_word' id='word_1_240' title='bbox 247 3058 355 3116; x_wconf 91' lang='lat' dir='ltr'><strong>harena</strong></span> <span class='ocrx_word' id='word_1_241' title='bbox 472 3059 542 3116; x_wconf 90' lang='lat' dir='ltr'><strong>teriti</strong></span> <span class='ocrx_word' id='word_1_242' title='bbox 559 3059 689 3134; x_wconf 91' lang='lat' dir='ltr'><strong>strophio</strong></span> <span class='ocrx_word' id='word_1_243' title='bbox 705 3059 835 3118; x_wconf 91' lang='lat' dir='ltr'><strong>lactentis</strong></span> <span class='ocrx_word' id='word_1_244' title='bbox 849 3061 925 3118; x_wconf 87' lang='lat' dir='ltr'><strong>uicta</strong></span> <span class='ocrx_word' id='word_1_245' title='bbox 1040 3061 1165 3119; x_wconf 91' lang='lat' dir='ltr'><strong>hortinia</strong></span> <span class='ocrx_word' id='word_1_246' title='bbox 1180 3061 1289 3137; x_wconf 91' lang='lat' dir='ltr'><strong>templa</strong></span> 
     </span>
     <span class='ocr_line' id='line_1_29' title="bbox 141 3157 1289 3234; baseline 0.002 -19"><span class='ocrx_word' id='word_1_247' title='bbox 141 3167 241 3215; x_wconf 89' lang='lat' dir='ltr'><strong>eurote</strong></span> <span class='ocrx_word' id='word_1_248' title='bbox 350 3158 500 3232; x_wconf 92' lang='lat' dir='ltr'><strong>suspendit</strong></span> <span class='ocrx_word' id='word_1_249' title='bbox 513 3169 584 3216; x_wconf 90' lang='lat' dir='ltr'><strong>uota</strong></span> <span class='ocrx_word' id='word_1_250' title='bbox 694 3159 798 3217; x_wconf 90' lang='lat' dir='ltr'><strong>cortice</strong></span> <span class='ocrx_word' id='word_1_251' title='bbox 813 3159 915 3216; x_wconf 91' lang='lat' dir='ltr'><strong>binum</strong></span> <span class='ocrx_word' id='word_1_252' title='bbox 1023 3157 1111 3218; x_wconf 82' lang='lat' dir='ltr'><strong>Exuit</strong></span> <span class='ocrx_word' id='word_1_253' title='bbox 1125 3158 1173 3216; x_wconf 90' lang='lat' dir='ltr'><strong>illa</strong></span> <span class='ocrx_word' id='word_1_254' title='bbox 1187 3158 1289 3234; x_wconf 91' lang='lat' dir='ltr'><strong>procul</strong></span> 
     </span>
     <span class='ocr_line' id='line_1_30' title="bbox 142 3254 1289 3332; baseline 0.001 -20"><span class='ocrx_word' id='word_1_255' title='bbox 142 3254 286 3313; x_wconf 91' lang='lat' dir='ltr'><strong>radicibus</strong></span> <span class='ocrx_word' id='word_1_256' title='bbox 301 3255 450 3313; x_wconf 84' lang='lat' dir='ltr'><strong>exturbata</strong></span> <span class='ocrx_word' id='word_1_257' title='bbox 545 3255 659 3332; x_wconf 90' lang='lat' dir='ltr'><strong>lateque</strong></span> <span class='ocrx_word' id='word_1_258' title='bbox 674 3258 807 3314; x_wconf 89' lang='lat' dir='ltr'><strong>cominus</strong></span> <span class='ocrx_word' id='word_1_259' title='bbox 821 3256 920 3314; x_wconf 88' lang='lat' dir='ltr'><strong>omnia</strong></span> <span class='ocrx_word' id='word_1_260' title='bbox 936 3254 1040 3331; x_wconf 80' lang='lat' dir='ltr'><strong>frangit</strong></span> <span class='ocrx_word' id='word_1_261' title='bbox 1133 3255 1220 3328; x_wconf 90' lang='lat' dir='ltr'><strong>Quae</strong></span> <span class='ocrx_word' id='word_1_262' title='bbox 1234 3256 1289 3314; x_wconf 90' lang='lat' dir='ltr'><strong>mi-</strong></span> 
     </span>
     <span class='ocr_line' id='line_1_31' title="bbox 142 3353 1289 3429; baseline 0.001 -18"><span class='ocrx_word' id='word_1_263' title='bbox 142 3372 205 3411; x_wconf 90' lang='lat' dir='ltr'><strong>sera</strong></span> <span class='ocrx_word' id='word_1_264' title='bbox 220 3355 321 3429; x_wconf 86' lang='lat' dir='ltr'><strong>ignara</strong></span> <span class='ocrx_word' id='word_1_265' title='bbox 336 3353 390 3411; x_wconf 91' lang='lat' dir='ltr'><strong>dea</strong></span> <span class='ocrx_word' id='word_1_266' title='bbox 405 3372 464 3411; x_wconf 92' lang='lat' dir='ltr'><strong>non</strong></span> <span class='ocrx_word' id='word_1_267' title='bbox 479 3355 593 3429; x_wconf 91' lang='lat' dir='ltr'><strong>prodita</strong></span> <span class='ocrx_word' id='word_1_268' title='bbox 608 3355 665 3412; x_wconf 86' lang='lat' dir='ltr'><strong>leta</strong></span> <span class='ocrx_word' id='word_1_269' title='bbox 794 3354 870 3412; x_wconf 91' lang='lat' dir='ltr'><strong>dulei</strong></span> <span class='ocrx_word' id='word_1_270' title='bbox 885 3354 998 3413; x_wconf 77' lang='lat' dir='ltr'><strong>deuicta</strong></span> <span class='ocrx_word' id='word_1_271' title='bbox 1124 3354 1212 3412; x_wconf 90' lang='lat' dir='ltr'><strong>Vnde</strong></span> <span class='ocrx_word' id='word_1_272' title='bbox 1227 3355 1289 3413; x_wconf 90' lang='lat' dir='ltr'><strong>acie</strong></span> 
     </span>
     <span class='ocr_line' id='line_1_32' title="bbox 141 3452 1289 3529; baseline 0 -19"><span class='ocrx_word' id='word_1_273' title='bbox 141 3452 237 3529; x_wconf 91' lang='lat' dir='ltr'><strong>pelagi</strong></span> <span class='ocrx_word' id='word_1_274' title='bbox 251 3461 351 3510; x_wconf 89' lang='lat' dir='ltr'><strong>uastos</strong></span> <span class='ocrx_word' id='word_1_275' title='bbox 365 3452 550 3528; x_wconf 91' lang='lat' dir='ltr'><strong>protenderet</strong></span> <span class='ocrx_word' id='word_1_276' title='bbox 564 3463 643 3511; x_wconf 90' lang='lat' dir='ltr'><strong>estus</strong></span> <span class='ocrx_word' id='word_1_277' title='bbox 732 3471 895 3528; x_wconf 90' lang='lat' dir='ltr'><strong>percurrere</strong></span> <span class='ocrx_word' id='word_1_278' title='bbox 909 3454 940 3510; x_wconf 90' lang='lat' dir='ltr'><strong>in</strong></span> <span class='ocrx_word' id='word_1_279' title='bbox 954 3454 1048 3512; x_wconf 90' lang='lat' dir='ltr'><strong>undas</strong></span> <span class='ocrx_word' id='word_1_280' title='bbox 1131 3453 1289 3511; x_wconf 90' lang='lat' dir='ltr'><strong>abductam</strong></span> 
     </span>
     <span class='ocr_line' id='line_1_33' title="bbox 140 3550 1289 3628; baseline 0.003 -21"><span class='ocrx_word' id='word_1_281' title='bbox 140 3550 250 3626; x_wconf 86' lang='lat' dir='ltr'><strong>perfide</strong></span> <span class='ocrx_word' id='word_1_282' title='bbox 352 3550 423 3607; x_wconf 90' lang='lat' dir='ltr'><strong>mihi</strong></span> <span class='ocrx_word' id='word_1_283' title='bbox 437 3568 497 3607; x_wconf 94' lang='lat' dir='ltr'><strong>non</strong></span> <span class='ocrx_word' id='word_1_284' title='bbox 511 3550 569 3608; x_wconf 90' lang='lat' dir='ltr'><strong>hoc</strong></span> <span class='ocrx_word' id='word_1_285' title='bbox 583 3551 718 3608; x_wconf 92' lang='lat' dir='ltr'><strong>miseram</strong></span> <span class='ocrx_word' id='word_1_286' title='bbox 811 3551 869 3623; x_wconf 92' lang='lat' dir='ltr'><strong>Qui</strong></span> <span class='ocrx_word' id='word_1_287' title='bbox 885 3551 954 3609; x_wconf 90' lang='lat' dir='ltr'><strong>dum</strong></span> <span class='ocrx_word' id='word_1_288' title='bbox 970 3551 1078 3628; x_wconf 90' lang='lat' dir='ltr'><strong>aliquid</strong></span> <span class='ocrx_word' id='word_1_289' title='bbox 1172 3555 1289 3627; x_wconf 83' lang='lat' dir='ltr'><strong>pgestat</strong></span> 
     </span>
     <span class='ocr_line' id='line_1_34' title="bbox 141 3648 1288 3729; baseline 0.002 -24"><span class='ocrx_word' id='word_1_290' title='bbox 141 3650 179 3706; x_wconf 86' lang='lat' dir='ltr'><strong>ab</strong></span> <span class='ocrx_word' id='word_1_291' title='bbox 192 3651 241 3723; x_wconf 78' lang='lat' dir='ltr'><strong>ipa</strong></span> <span class='ocrx_word' id='word_1_292' title='bbox 345 3658 434 3723; x_wconf 87' lang='lat' dir='ltr'><strong>exput</strong></span> <span class='ocrx_word' id='word_1_293' title='bbox 447 3649 531 3706; x_wconf 90' lang='lat' dir='ltr'><strong>undis</strong></span> <span class='ocrx_word' id='word_1_294' title='bbox 636 3648 702 3720; x_wconf 89' lang='lat' dir='ltr'><strong>Que</strong></span> <span class='ocrx_word' id='word_1_295' title='bbox 717 3649 788 3707; x_wconf 90' lang='lat' dir='ltr'><strong>sirus</strong></span> <span class='ocrx_word' id='word_1_296' title='bbox 883 3656 1001 3729; x_wconf 69' lang='lat' dir='ltr'><strong>questa</strong></span> <span class='ocrx_word' id='word_1_297' title='bbox 1100 3648 1288 3725; x_wconf 88' lang='lat' dir='ltr'><strong>Purpureane</strong></span> 
     </span>
     <span class='ocr_line' id='line_1_35' title="bbox 142 3746 1288 3823; baseline 0.003 -20"><span class='ocrx_word' id='word_1_298' title='bbox 142 3748 252 3803; x_wconf 89' lang='lat' dir='ltr'><strong>utinam</strong></span> <span class='ocrx_word' id='word_1_299' title='bbox 267 3765 321 3804; x_wconf 93' lang='lat' dir='ltr'><strong>nec</strong></span> <span class='ocrx_word' id='word_1_300' title='bbox 336 3758 466 3821; x_wconf 89' lang='lat' dir='ltr'><strong>tempore</strong></span> <span class='ocrx_word' id='word_1_301' title='bbox 482 3748 575 3822; x_wconf 93' lang='lat' dir='ltr'><strong>primo</strong></span> <span class='ocrx_word' id='word_1_302' title='bbox 679 3749 809 3823; x_wconf 88' lang='lat' dir='ltr'><strong>secropie</strong></span> <span class='ocrx_word' id='word_1_303' title='bbox 824 3749 964 3823; x_wconf 90' lang='lat' dir='ltr'><strong>quesisset</strong></span> <span class='ocrx_word' id='word_1_304' title='bbox 979 3746 1095 3806; x_wconf 89' lang='lat' dir='ltr'><strong>sedibus</strong></span> <span class='ocrx_word' id='word_1_305' title='bbox 1191 3747 1288 3806; x_wconf 90' lang='lat' dir='ltr'><strong>Idmc·</strong></span> 
     </span>
     <span class='ocr_line' id='line_1_36' title="bbox 141 3844 1289 3920; baseline 0.003 -19"><span class='ocrx_word' id='word_1_306' title='bbox 141 3862 252 3902; x_wconf 87' lang='lat' dir='ltr'><strong>neosne</strong></span> <span class='ocrx_word' id='word_1_307' title='bbox 343 3845 480 3902; x_wconf 91' lang='lat' dir='ltr'><strong>consolor</strong></span> <span class='ocrx_word' id='word_1_308' title='bbox 571 3845 666 3902; x_wconf 92' lang='lat' dir='ltr'><strong>uentis</strong></span> <span class='ocrx_word' id='word_1_309' title='bbox 681 3845 834 3904; x_wconf 88' lang='lat' dir='ltr'><strong>incuruans</strong></span> <span class='ocrx_word' id='word_1_310' title='bbox 925 3844 1004 3903; x_wconf 92' lang='lat' dir='ltr'><strong>nullo</strong></span> <span class='ocrx_word' id='word_1_311' title='bbox 1019 3844 1102 3902; x_wconf 90' lang='lat' dir='ltr'><strong>lictus</strong></span> <span class='ocrx_word' id='word_1_312' title='bbox 1195 3845 1289 3920; x_wconf 91' lang='lat' dir='ltr'><strong>qualis</strong></span> 
     </span>
     <span class='ocr_line' id='line_1_37' title="bbox 143 3941 1288 4019; baseline 0.001 -20"><span class='ocrx_word' id='word_1_313' title='bbox 143 3942 235 3999; x_wconf 89' lang='lat' dir='ltr'><strong>solam</strong></span> <span class='ocrx_word' id='word_1_314' title='bbox 329 3941 473 4000; x_wconf 78' lang='lat' dir='ltr'><strong>funestent</strong></span> <span class='ocrx_word' id='word_1_315' title='bbox 567 3942 665 4014; x_wconf 89' lang='lat' dir='ltr'><strong>Quem</strong></span> <span class='ocrx_word' id='word_1_316' title='bbox 680 3943 770 4001; x_wconf 92' lang='lat' dir='ltr'><strong>modo</strong></span> <span class='ocrx_word' id='word_1_317' title='bbox 785 3955 853 4002; x_wconf 91' lang='lat' dir='ltr'><strong>tunc</strong></span> <span class='ocrx_word' id='word_1_318' title='bbox 952 3942 1097 4019; x_wconf 91' lang='lat' dir='ltr'><strong>Sospitem</strong></span> <span class='ocrx_word' id='word_1_319' title='bbox 1112 3951 1141 4001; x_wconf 92' lang='lat' dir='ltr'><strong>et</strong></span> <span class='ocrx_word' id='word_1_320' title='bbox 1155 3953 1288 4019; x_wconf 90' lang='lat' dir='ltr'><strong>ereptum</strong></span> 
     </span>
     <span class='ocr_line' id='line_1_38' title="bbox 141 4039 1289 4118; baseline 0.003 -24"><span class='ocrx_word' id='word_1_321' title='bbox 141 4056 232 4114; x_wconf 89' lang='lat' dir='ltr'><strong>quom</strong></span> <span class='ocrx_word' id='word_1_322' title='bbox 254 4039 381 4097; x_wconf 88' lang='lat' dir='ltr'><strong>crederet</strong></span> <span class='ocrx_word' id='word_1_323' title='bbox 402 4058 470 4114; x_wconf 90' lang='lat' dir='ltr'><strong>eger</strong></span> <span class='ocrx_word' id='word_1_324' title='bbox 594 4042 765 4118; x_wconf 79' lang='lat' dir='ltr'><strong>complexus</strong></span> <span class='ocrx_word' id='word_1_325' title='bbox 881 4041 991 4099; x_wconf 89' lang='lat' dir='ltr'><strong>feruida</strong></span> <span class='ocrx_word' id='word_1_326' title='bbox 1006 4039 1054 4114; x_wconf 65' lang='lat' dir='ltr'><strong>Vt)</strong></span> <span class='ocrx_word' id='word_1_327' title='bbox 1176 4041 1289 4098; x_wconf 77' lang='lat' dir='ltr'><strong>nudum</strong></span> 
     </span>
     <span class='ocr_line' id='line_1_39' title="bbox 141 4137 1289 4199; baseline 0.002 -5"><span class='ocrx_word' id='word_1_328' title='bbox 141 4139 251 4195; x_wconf 90' lang='lat' dir='ltr'><strong>sociata</strong></span> <span class='ocrx_word' id='word_1_329' title='bbox 353 4137 476 4196; x_wconf 90' lang='lat' dir='ltr'><strong>obscura</strong></span> <span class='ocrx_word' id='word_1_330' title='bbox 491 4138 565 4198; x_wconf 89' lang='lat' dir='ltr'><strong>dicet</strong></span> <span class='ocrx_word' id='word_1_331' title='bbox 668 4139 787 4197; x_wconf 90' lang='lat' dir='ltr'><strong>flamina</strong></span> <span class='ocrx_word' id='word_1_332' title='bbox 800 4141 893 4199; x_wconf 91' lang='lat' dir='ltr'><strong>nubes</strong></span> <span class='ocrx_word' id='word_1_333' title='bbox 1003 4138 1164 4197; x_wconf 92' lang='lat' dir='ltr'><strong>contollens</strong></span> <span class='ocrx_word' id='word_1_334' title='bbox 1178 4137 1289 4196; x_wconf 91' lang='lat' dir='ltr'><strong>lumina</strong></span> 
     </span>
     <span class='ocr_line' id='line_1_40' title="bbox 142 4233 1289 4313; baseline 0.003 -22"><span class='ocrx_word' id='word_1_335' title='bbox 142 4233 208 4305; x_wconf 89' lang='lat' dir='ltr'><strong>Que</strong></span> <span class='ocrx_word' id='word_1_336' title='bbox 229 4243 327 4294; x_wconf 90' lang='lat' dir='ltr'><strong>tamen</strong></span> <span class='ocrx_word' id='word_1_337' title='bbox 348 4247 501 4312; x_wconf 90' lang='lat' dir='ltr'><strong>aspectans</strong></span> <span class='ocrx_word' id='word_1_338' title='bbox 522 4237 664 4297; x_wconf 90' lang='lat' dir='ltr'><strong>accedens</strong></span> <span class='ocrx_word' id='word_1_339' title='bbox 685 4248 778 4297; x_wconf 88' lang='lat' dir='ltr'><strong>mesta</strong></span> <span class='ocrx_word' id='word_1_340' title='bbox 915 4248 997 4313; x_wconf 89' lang='lat' dir='ltr'><strong>tyaso</strong></span> <span class='ocrx_word' id='word_1_341' title='bbox 1135 4235 1289 4308; x_wconf 87' lang='lat' dir='ltr'><strong>Quantum</strong></span> 
     </span>
     <span class='ocr_line' id='line_1_41' title="bbox 143 4333 1289 4412; baseline 0.004 -24"><span class='ocrx_word' id='word_1_342' title='bbox 143 4333 290 4408; x_wconf 89' lang='lat' dir='ltr'><strong>serpeibus</strong></span> <span class='ocrx_word' id='word_1_343' title='bbox 386 4334 567 4412; x_wconf 90' lang='lat' dir='ltr'><strong>Plangebant</strong></span> <span class='ocrx_word' id='word_1_344' title='bbox 581 4335 628 4393; x_wconf 91' lang='lat' dir='ltr'><strong>alii</strong></span> <span class='ocrx_word' id='word_1_345' title='bbox 724 4336 809 4395; x_wconf 91' lang='lat' dir='ltr'><strong>cereti</strong></span> <span class='ocrx_word' id='word_1_346' title='bbox 906 4336 1058 4393; x_wconf 91' lang='lat' dir='ltr'><strong>sublimina</strong></span> <span class='ocrx_word' id='word_1_347' title='bbox 1075 4334 1141 4394; x_wconf 90' lang='lat' dir='ltr'><strong>solis</strong></span> <span class='ocrx_word' id='word_1_348' title='bbox 1239 4335 1289 4394; x_wconf 93' lang='lat' dir='ltr'><strong>de·</strong></span> 
     </span>
    </p>
   </div>
   <div class='ocr_carea' id='block_1_3' title="bbox 0 0 1442 5002">
    <p class='ocr_par' dir='ltr' id='par_1_3' title="bbox 0 0 1442 5002">
     <span class='ocr_line' id='line_1_42' title="bbox 0 0 1442 5002; baseline 0 0"><span class='ocrx_word' id='word_1_349' title='bbox 0 0 1442 5002; x_wconf 95' lang='lat' dir='ltr'><strong> </strong></span> 
     </span>
    </p>
   </div>
  </div>
 </body>
</html>
