2872 5002
440 339 670 399 CARMINVM
699 338 890 399 CATVLLI.
1164 347 1224 405 248

68 509 209 586 strophas
230 510 366 586 digeritur
381 517 547 568 constanter
567 508 620 567 sed
641 507 761 567 diuersis
783 508 941 567 interuallis
962 509 1084 586 repetito
1108 507 1225 569 Cu‘rrite

67 606 583 684 11111111131111,1111117111
625 604 688 664 Iam
711 606 928 665 interuallorum
950 625 1025 683 quae
1047 608 1083 666 sit
1104 608 1177 667 ratio
1199 611 1224 669 si

68 707 268 765 coniecturam
297 705 393 765 iacere
422 705 583 775 conaberis,
605 704 791 762 examinandi
819 713 886 763 sunt
915 706 1028 764 numeri
1048 706 1140 783 ipsius
1161 725 1223 767 car·

67 804 166 874 minis,
181 803 287 863 deinde
302 803 439 862 similium
454 803 515 861 siue
531 802 637 860 Catulli
652 804 713 861 siue
727 802 816 861 alium
831 821 920 879 quem
941 814 990 862 aut
1013 805 1073 881 ipse
1095 805 1223 865 imitatus

68 913 124 974 est,
137 913 187 960 aut
200 903 250 980 qui
265 921 332 960 eum
348 902 439 961 secuti
453 908 529 961 sunt.
558 901 660 978 ltaque
674 911 766 960 ratam
781 920 969 961 numerorum
983 905 1223 964 consecutionem

68 1018 125 1059 nec
147 1019 164 1058 a
185 1000 345 1059 Theocrito
366 1001 469 1058 abesse
490 1000 641 1076 intelleges
662 1018 717 1058 nec
738 1000 776 1058 ab
797 1001 859 1059 eius
880 1001 1057 1076 aequalibus,
1080 1002 1104 1060 si
1125 1003 1222 1062 minus

68 1099 252 1176 exploratam
280 1117 396 1176 semper
422 1108 450 1156 et
474 1108 555 1157 extra
576 1099 795 1169 dubitationem,
817 1109 846 1157 at
867 1107 1051 1157 constantem
1072 1109 1101 1157 et
1122 1117 1220 1176 quam,

67 1206 101 1255 ut
115 1199 240 1256 obscura
254 1197 410 1272 aliquando
429 1195 504 1255 facta
525 1197 561 1254 sit
582 1197 723 1272 corruptis
744 1196 895 1255 codicibus
908 1197 955 1255 uel
969 1197 1049 1273 quod
1070 1214 1131 1256 non
1152 1199 1221 1259 satis

67 1305 115 1354 cst
142 1297 272 1371 quaesita
294 1295 455 1371 diligenter,
478 1313 543 1353 esse
567 1304 665 1352 tamen
691 1312 863 1370 persuasum
890 1295 1021 1354 habebis.
1081 1294 1165 1354 ldem
1190 1297 1221 1354 in

66 1393 180 1470 Vergili
200 1394 304 1451 cadere
326 1393 473 1463 Bucolica,
488 1404 516 1451 et
536 1393 559 1451 si
574 1393 639 1469 quis
656 1392 728 1451 alius
743 1392 785 1450 sic
800 1392 913 1469 scripsit
928 1392 1142 1464 Romanorum,
1158 1410 1221 1451 non

66 1490 136 1549 ideo
158 1491 279 1566 negabis
303 1490 383 1566 quod
405 1492 454 1567 qui
479 1491 564 1567 primi
589 1489 619 1548 id
641 1489 746 1548 diserte
767 1500 976 1566 praeceperunt
997 1490 1169 1550 Gebauerus
1191 1499 1221 1549 et

67 1587 259 1658 Ribbeckius,
279 1589 388 1646 incerta
410 1589 550 1646 nonnulla
569 1588 729 1664 posuerint.
771 1585 852 1646 Hinc
871 1597 1028 1664 postquam
1047 1588 1220 1648 intellexeris

65 1687 197 1744 carmina
224 1704 276 1762 per
304 1687 458 1763 repetitum
486 1703 603 1743 uersum
632 1685 725 1744 diuisa
752 1688 783 1743 in
812 1684 946 1762 strophas
974 1685 1065 1744 modo
1093 1686 1220 1744 eundem

65 1801 221 1842 numerum
236 1801 373 1843 uersuum
387 1786 419 1842 in
434 1784 547 1842 duabus
563 1782 690 1860 strophis
704 1801 814 1859 ponere
825 1795 856 1841 ut
871 1782 1008 1859 strophae
1023 1783 1220 1859 antistrophus

65 1882 251 1958 respondeat,
266 1883 358 1941 modo
373 1883 403 1940 in
417 1882 556 1959 pluribus,
567 1881 646 1939 uelut
661 1881 685 1939 si
699 1882 829 1958 quinque
843 1881 979 1957 strophae
994 1881 1051 1939 sint
1062 1881 1219 1957 quinorum

66 1998 222 2052 uersuum,
245 1982 389 2040 interdum
408 1981 534 2058 strophis
549 1981 697 2057 inparibus
708 1998 785 2056 quae
800 1998 832 2039 se
846 1982 972 2039 inuicem
988 1980 1134 2056 excipiant
1148 1996 1219 2038 mox

65 2078 138 2137 alias
160 2078 257 2137 inferri
281 2080 385 2155 pariter
407 2080 529 2156 inpares,
555 2089 587 2136 ut
609 2080 633 2137 si
659 2103 675 2134 a
693 2101 725 2130 =
745 2099 771 2150 4,
795 2083 816 2145 β
840 2093 867 2153 5,
890 2103 909 2153 γ
931 2080 1036 2136 6111611
1061 2076 1220 2136 inserantur

64 2177 585 2252 α’485γ’611111111161117’68
608 2191 625 2251 5
648 2178 670 2233 α’
693 2196 728 2250 4;
752 2177 831 2253 quod
852 2177 1019 2253 proximum
1040 2185 1093 2247 est,
1115 2175 1218 2234 Parca·

63 2293 130 2333 rum
146 2293 263 2335 carmen
278 2294 399 2352 quaeres
414 2294 489 2353 quos
504 2276 608 2335 habeat
623 2294 761 2334 numeros
775 2276 927 2352 quomodo
947 2276 985 2334 ad
1006 2293 1062 2334 nos
1083 2274 1219 2333 traditum

64 2384 109 2431 est
134 2374 165 2430 in
187 2374 343 2433 codicibus
389 2375 463 2434 Sunt
485 2386 582 2434 autem
604 2375 634 2433 hi
656 2376 714 2449 564
731 2388 830 2449 55545
848 2377 884 2447 46
902 2392 969 2448 433.
1014 2372 1080 2431 Hos
1095 2391 1218 2449 propor-

64 2473 147 2529 tione
162 2472 289 2548 quadam
303 2475 378 2532 inter
392 2491 423 2533 se
437 2475 515 2532 necti
530 2492 591 2532 non
613 2483 656 2532 est
678 2474 833 2544 diuinatio;
856 2473 968 2530 etiamsi
989 2471 1026 2530 de
1048 2489 1082 2530 ea
1104 2471 1218 2530 dubites

64 2570 201 2646 quaesit.
243 2568 321 2629 Nam
344 2572 369 2630 si
394 2571 514 2630 artificio
538 2572 703 2647 quaesitum
731 2582 776 2629 est
803 2588 905 2630 uersus
933 2569 1070 2641 diuidere,
1093 2571 1218 2628 carentis

63 2677 109 2726 est
124 2668 243 2727 artificio
262 2669 287 2727 si
306 2668 456 2727 diuisionis
478 2669 573 2744 legem
595 2688 656 2728 non
678 2670 844 2745 inuestiges.
886 2667 952 2726 Nec
973 2668 997 2726 si
1018 2667 1048 2725 id
1069 2667 1116 2726 alii
1137 2668 1218 2726 aliter

64 2766 289 2843 descripserunt,
310 2766 377 2825 ideo
400 2767 507 2826 tollitur
521 2768 685 2844 descriptio,
706 2766 758 2826 sed
780 2767 871 2826 habes
893 2784 1011 2825 causam
1033 2784 1085 2824 cur
1099 2765 1135 2824 de
1156 2775 1217 2824 tam

62 2863 175 2921 incerta
188 2882 218 2921 re
233 2873 345 2923 ueteres
360 2874 420 2922 tam
439 2883 533 2941 pauca
554 2867 763 2941 praeceperint.
805 2865 876 2923 Post
897 2864 954 2923 hoc
977 2865 1001 2923 si
1021 2881 1124 2923 uersus
1145 2881 1217 2923 con-

63 2963 199 3022 sideratis
224 2964 406 3040 praepositos
427 2963 585 3023 Parcarum
606 2965 734 3037 carmini,
757 2965 921 3041 uiderisque
943 2964 1025 3040 quasi
1048 2975 1153 3041 sponte
1174 2965 1217 3024 sic

62 3059 168 3119 cadere
190 3061 220 3118 in
242 3070 338 3137 partes
364 3080 399 3136 13
422 3064 457 3119 16
479 3081 514 3137 13
535 3064 587 3135 r6;
609 3072 671 3120 tum
693 3063 742 3138 qui
763 3062 818 3121 hos
840 3062 1016 3138 praecedunt
1038 3059 1216 3140 (161-164),

62 3159 192 3235 primurn
213 3161 242 3217 in
260 3178 296 3234 13
314 3178 351 3234 13
371 3179 405 3234 13
425 3179 470 3232 14,
488 3178 559 3218 mox
582 3180 619 3235 13
642 3177 741 3219 rursus
755 3161 785 3217 in
803 3178 873 3234 163
894 3178 939 3231 16,
953 3170 984 3217 ut
999 3178 1051 3236 per
1065 3161 1216 3219 artificium

62 3257 215 3333 quoddam
235 3259 351 3334 saepius
372 3269 538 3335 repetantur
559 3258 589 3316 hi
611 3259 724 3316 numeri
743 3258 911 3336 13,13(13
931 3277 1000 3333 163
1021 3278 1056 3317 16
1076 3257 1216 3336 13414),

62 3354 169 3412 eadem
202 3356 313 3414 ratione
343 3356 484 3432 reliquum
513 3375 632 3414 carmen
660 3354 698 3413 ad
727 3354 822 3431 legem
850 3356 1000 3431 quandam
1027 3374 1216 3415 numerorum

62 3451 172 3510 sactum
193 3471 258 3512 esse
282 3464 331 3512 aut
352 3454 414 3513 ueri
435 3454 528 3513 simile
549 3453 669 3513 habebis
690 3463 740 3511 aut
761 3471 823 3511 nou
845 3453 971 3511 alienum
993 3471 1103 3511 auero.
1146 3451 1216 3524 Quo

62 3550 140 3609 iacto
167 3551 190 3609 si
215 3552 245 3608 in
269 3551 326 3610 hoc
351 3570 490 3627 magnam
515 3563 626 3627 partem
651 3551 720 3610 artis
748 3551 881 3628 posuisse
910 3550 1039 3609 Catullus
1063 3549 1215 3620 uidebitur,

62 3647 151 3723 idque
179 3648 234 3706 alia
259 3649 441 3720 confirmant,
466 3649 553 3707 ueluti
575 3648 656 3725 quod
683 3646 829 3706 interdurn
853 3665 954 3706 uersus
980 3647 1089 3705 habent
1113 3648 1215 3705 nescio

61 3745 132 3820 quid
157 3746 247 3817 nimii,
273 3746 334 3804 siue
358 3746 462 3806 eadem
485 3765 516 3805 re
541 3747 658 3822 saepius
680 3746 789 3817 iterata,
813 3745 874 3804 siue
903 3745 1006 3804 iisdem
1034 3745 1185 3802 uocabulis
1196 3744 1214 3815 ¹,

62 3842 207 3900 interdum
223 3843 413 3919 simpliciores
428 3853 495 3901 sunt
511 3861 565 3902 nec
584 3844 675 3902 libero
695 3842 788 3902 fluunt
809 3860 895 3902 cursu
918 3843 969 3901 sed
991 3853 1071 3900 certo
1086 3841 1215 3918 quodam

61 3958 96 3999 ac
107 3958 201 4016 paene
213 3942 380 4014 constricto,
392 3941 473 4018 quod
483 3952 627 4018 utrunque
642 3960 678 3999 ex
690 3943 843 4018 partitione
855 3943 922 4001 oriri
935 3942 1037 4018 potuit,
1050 3959 1117 3998 cum
1129 3941 1215 3998 inter·

61 4037 132 4095 dum
147 4039 300 4098 addendus
319 4058 420 4099 uersus
441 4040 533 4113 suerit,
549 4059 644 4100 sermo
666 4060 731 4100 raro
753 4039 1006 4116 interrumpendus
1028 4039 1083 4098 nisi
1106 4040 1135 4096 in
1157 4038 1215 4097 fine

95 4193 103 4221 ¹
120 4195 156 4242 Sic
168 4195 279 4243 tredecies
291 4197 384 4243 recurrit
394 4205 471 4258 poetro
480 4195 520 4260 64,
529 4195 569 4261 69,
581 4207 618 4258 71,
632 4210 686 4259 113,
698 4209 751 4258 115,
765 4197 819 4258 138,
832 4196 886 4260 198,
898 4195 1018 4256 161,168,
1031 4208 1085 4249 111,
1095 4207 1151 4258 339,
1160 4208 1216 4257 351,

63 4277 126 4339 383;
145 4278 228 4339 septies
242 4289 266 4326 et
276 4279 350 4326 decies
361 4294 423 4326 mens
437 4276 594 4344 76,97,136,
610 4289 664 4341 147,
679 4292 732 4335 200,
747 4291 802 4338 161,
818 4288 872 4339 167,
887 4290 1009 4341 169113,
1024 4276 1078 4333 116,
1092 4275 1215 4339 136138,

64 4361 187 4423 148154,
201 4372 257 4421 336,
270 4359 326 4423 398,
338 4359 403 4422 4663
426 4364 509 4423 septies
520 4378 560 4409 cor
573 4376 611 4424 54.
622 4376 662 4425 94,
680 4376 719 4426 99,
734 4362 854 4424 113158,
872 4373 926 4422 131,
944 4375 1004 4424 1941
1031 4360 1150 4422 quinquies
1166 4360 1217 4406 uiri-

62 4457 113 4489 mur
128 4454 166 4504 76,
181 4453 304 4504 145151,
320 4452 366 4504 371
373 4444 506 4509 flexanimo
519 4457 574 4506 336.

621 4546 639 4584 u
658 4546 672 4584 1
