2872 5002
139 325 205 388 200
578 323 847 390 CATVLLI

269 510 428 588 Assidue‚
450 533 565 577 uerum
589 514 776 598 dispeream
799 512 860 578 nisi
882 532 974 578 amo.

650 745 784 810 XCIII.

226 873 302 936 ΝΠ.
324 871 461 935 nimium
484 873 612 951 studeo,
637 871 769 952 Caesar,
791 873 853 937 tibi
875 871 964 937 uelle
987 870 1129 954 placere,

270 984 343 1048 Nec
365 985 445 1048 scire
466 994 577 1049 utrum
600 986 644 1049 sis
667 986 760 1049 albus
781 1007 824 1049 an
846 994 917 1049 ater
938 983 1055 1048 homo.

140 1168 225 1238 Quod
241 1170 263 1220 si
281 1169 320 1221 ita
335 1175 415 1233 esset,
428 1168 518 1234 frigidi
537 1185 603 1222 sane
620 1185 716 1222 uersus
733 1168 833 1222 forent.
869 1166 952 1222 Nunc
969 1168 1046 1221 enim
1065 1173 1165 1222 contra
1182 1166 1274 1218 omnim

139 1247 199 1297 est:
225 1255 287 1291 nam
312 1239 347 1292 de
371 1241 536 1307 praepositio
556 1242 684 1306 quoniam
709 1247 751 1293 est
775 1255 876 1308 anceps
899 1240 926 1292 in
952 1255 1009 1291 uno
1027 1240 1187 1307 eodemque
1206 1236 1275 1290 uerbo

140 1309 288 1377 dluplicem
301 1311 423 1376 senslum
440 1312 522 1378 capit.
559 1311 603 1363 Sic
622 1312 695 1363 enirn
715 1311 850 1377 deprecor
868 1326 884 1363 a
903 1310 1014 1362 Catullo
1031 1310 1141 1363 dictum
1158 1316 1199 1361 est
1215 1305 1275 1377 qnasi

139 1380 264 1431 detestor
280 1381 323 1432 uel
342 1396 459 1433 execror
477 1381 520 1433 uel
535 1380 643 1448 depello
660 1382 704 1434 uel
723 1381 882 1446 abominor3
906 1387 1007 1432 contra
1024 1386 1121 1433 autern
1140 1380 1211 1432 ualet
1225 1391 1275 1430 cum

141 1450 240 1502 Cicero
253 1466 304 1518 pro
317 1451 348 1502 P.
363 1452 435 1503 Sulla
447 1452 485 1503 ita
497 1452 564 1504 dicit
578 1455 677 1520 ‘quarn
691 1452 841 1504 multorum
853 1451 899 1504 hic
917 1452 1004 1503 uitam
1023 1457 1067 1503 est
1080 1466 1097 1502 a
1110 1451 1184 1502 Sulla
1194 1449 1276 1515 deprc-

140 1522 148 1549 ‘
160 1530 245 1573 catus.
260 1560 266 1572 .
281 1559 288 1572 .
301 1521 317 1574 .'
355 1521 408 1573 Sed
424 1537 514 1589 neque
531 1522 604 1574 solus
617 1523 739 1574 Catullus
756 1523 794 1574 ita
807 1523 860 1576 isto
873 1520 960 1574 uerbo
971 1537 1037 1573 usus
1048 1529 1102 1573 est.
1139 1520 1213 1573 Pleni
1224 1523 1276 1570 sint

139 1590 210 1642 adeo
226 1591 285 1642 libri
303 1591 396 1643 similis
415 1593 442 1643 in
460 1592 513 1644 hoc
525 1593 612 1645 uerbo
624 1593 842 1658 significationi33
860 1608 895 1644 ex
910 1591 1010 1660 quibus
1024 1606 1113 1644 unum
1129 1596 1159 1643 et
1176 1590 1277 1642 alterurn

139 1677 210 1728 quae
229 1661 416 1784 sgbpqqierant
432 1664 554 1731 apposui.
591 1664 628 1725 Q.
642 1664 746 1716 Ennius
760 1664 788 1715 in
806 1663 945 1716 Erectheo
962 1678 1019 1714 non
1035 1662 1120 1728 longe
1136 1677 1213 1714 secus
1223 1659 1279 1712 dixit
1319 1734 1321 1743 .

139 1746 222 1800 qnam
261 1748 308 1783 au
327 1748 373 1785 us:

247 1827 376 1897 ‘Qribus
394 1829 485 1894 nunc,’
504 1829 603 1898 inquit,
622 1831 788 1898 ‘aerumpna
806 1845 868 1883 mea
885 1829 1043 1882 libertatem
1060 1827 1144 1898 paro’

246 1898 375 1965 ‘Quibus
392 1902 553 1953 seruitutem
572 1916 635 1954 mea
653 1903 763 1954 miseria
780 1899 947 1970 deprecor3’

140 1992 277 2058 Significat
296 1993 376 2061 abigo
394 2002 422 2048 et
441 1997 557 2050 amolior
575 1998 619 2050 uel
640 2013 724 2066 prece
741 1997 863 2050 adhibita
879 1996 924 2049 uel
942 2011 999 2069 quo
1016 1995 1073 2049 alio
1090 1995 1185 2050 modo.
1219 1993 1280 2046 Item

140 2063 245 2115 Ennius
258 2066 285 2117 in
298 2065 487 2135 Cresphonte:

247 2162 328 2228 ‘Ego
346 2178 425 2215 meae
443 2179 506 2216 cum
525 2165 599 2217 uitae
617 2179 737 2232 parcam,
756 2163 842 2217 letum
861 2161 973 2216 inimico
990 2160 1162 2230 deprecerl'

140 2248 241 2301 Cicero
260 2250 287 2302 in
306 2250 376 2302 libro
393 2258 473 2303 sexto
491 2252 527 2304 de
547 2252 698 2319 Republica
723 2253 761 2304 ita
785 2251 910 2319 scripsit:
938 2249 1039 2318 ‘Quod
1057 2249 1172 2318 quidem
1190 2264 1223 2302 eo
1238 2246 1282 2300 lut

139 2322 247 2373 ‘maius
265 2322 328 2388 quia
346 2337 409 2373 cum
428 2338 508 2374 causa
526 2323 582 2388 pari
602 2322 722 2388 collegae
740 2327 840 2386 essent,
859 2338 915 2374 non
933 2321 1018 2373 modo
1037 2320 1141 2372 inuidia
1160 2321 1216 2388 pari
1235 2333 1281 2372 non

140 2392 248 2457 ‘erant,
261 2393 405 2445 sedetiam
419 2392 516 2444 Claudi
535 2392 663 2444 inuidian
679 2392 798 2445 Gracchi
810 2394 910 2445 caritas
921 2391 1125 2458 deprecabatur
1132 2391 1149 2456 ;’
1168 2391 1212 2444 hic
1223 2405 1283 2458 quo·

139 2478 195 2530 que
220 2463 286 2515 item
312 2479 367 2515 non
393 2470 436 2515 est
454 2464 533 2516 ualde
555 2464 719 2532 precabatur
745 2463 793 2515 sed
810 2463 887 2532 quasi
911 2462 1088 2530 propulsabat
1110 2461 1238 2514 inuidiam
1258 2463 1284 2511 et

139 2532 299 2586 defensabat
325 2534 462 2597 inuidiam,
488 2534 562 2601 quod
587 2535 687 2585 Graeci
713 2534 865 2602 propinqua
889 2531 1088 2599 significatione
1111 2530 1284 2597 παραιτεῖσθαι

140 2604 244 2657 dicunt.
283 2605 354 2656 ltem
374 2621 424 2672 pro
443 2606 514 2657 Aulo
534 2605 653 2657 Caecina
671 2605 850 2657 consimiliter
867 2603 955 2656 uerbo
973 2605 1027 2655 isto
1044 2603 1145 2655 utitur.
1183 2598 1283 2671 ‘Qrid'

140 2674 229 2742 inquit
254 2674 332 2727 ‘huic
357 2675 461 2727 homiui
489 2674 590 2729 facias?
621 2691 712 2728 nonne
737 2675 872 2728 concedas
896 2674 1034 2727 interdum
1060 2679 1093 2724 ut
1117 2674 1285 2726 excusatione

140 2747 282 2796 ‘summae
304 2746 434 2797 stultitiae
459 2762 582 2798 summae
608 2746 788 2811 improbitatis
812 2740 905 2797 odium
927 2744 1125 2811 depreceturi'
1170 2743 1241 2796 Item
1262 2742 1293 2794 in

140 2815 256 2866 Verrem
281 2816 396 2867 actionis
419 2817 556 2868 secundae
583 2818 688 2884 primo:
715 2816 813 2868 ‘Nunc
831 2831 899 2867 uero
917 2814 984 2883 quid
1002 2814 1085 2866 iaciat
1106 2814 1285 2867 Hortensius?

140 2885 327 2937 ‘auaritiaene
344 2887 457 2937 crimina
474 2887 634 2952 frugalitatis
653 2888 777 2939 laudibus
795 2886 978 2953 deprecetur?
1015 2887 1052 2937 At
1065 2885 1209 2937 hominem
1220 2884 1287 2950 flagi·

140 2955 334 3007 ‘tiosissimum
348 2955 592 3009 libidinosissimum
608 2959 857 3025 nequissimumque
869 2956 1012 3009 defendit:
1044 2957 1089 3007 Sic
1103 2956 1187 3021 igitur
1201 2954 1287 3008 Catul-

140 3024 183 3076 lus
206 3024 302 3076 eadem
328 3026 467 3079 sefacere
486 3027 552 3080 dicit
571 3044 641 3094 quae
666 3029 803 3092 Lesbiam,
822 3027 897 3094 quod
915 3034 944 3079 et
963 3026 1142 3079 malediceret
1162 3027 1187 3078 ei
1206 3027 1288 3093 palam

140 3103 338 3217 gespueretque
356 3103 385 3148 et
404 3106 543 3150 recusaret
562 3099 800 3167 detestareturque
818 3097 924 3150 assidue
941 3104 971 3149 et
992 3105 1087 3149 tamen
1105 3112 1169 3149 eam
1187 3098 1290 3165 penitus

160 3172 288 3232 epenret.

179 3236 290 3288 XClll.
304 3255 328 3289 2.
348 3238 531 3305 Quintilianus
552 3239 618 3294 lnst.
630 3241 709 3293 Orat.
724 3239 776 3292 Xl.
794 3256 816 3292 ι.
832 3244 874 3304 38.
917 3237 1007 3304 Negat
1032 3253 1062 3290 se
1087 3239 1180 3303 magni
1203 3237 1291 3290 facere

140 3308 237 3375 aliquis
253 3315 396 3374 poetarum
411 3312 519 3363 ‘utrum
534 3311 635 3362 Caesar
653 3316 713 3362 ater
729 3326 763 3362 an
780 3310 856 3363 albus
873 3309 957 3362 homo
969 3310 1014 3362 sit’
1027 3308 1148 3379 insania3
1167 3315 1245 3362 uerte
1261 3313 1291 3360 ut

141 3380 213 3432 idern
229 3379 329 3432 Caesar
341 3379 376 3430 de
388 3380 434 3431 illo
446 3381 554 3447 dixerit,
567 3382 721 3447 arrogantia
733 3387 784 3433 est.

141 3549 168 3601 in
182 3547 298 3601 totidem
311 3549 403 3601 codices
418 3548 495 3602 Gellii
505 3568 523 3600 n
536 3568 575 3600 me
586 3546 673 3600 collati
787 3562 820 3598 ea
833 3546 899 3598 LOh
912 3546 1100 3598 Ambrosianus
1113 3545 1206 3598 codices
1219 3535 1293 3598 Gellii

135 3671 242 3729 praeter
255 3661 319 3713 Can.
335 3676 383 3724 307
398 3661 440 3727 qm'
452 3661 526 3712 hahet
539 3675 591 3724 ego
683 3658 719 3709 illi
732 3658 769 3710 ed.
782 3659 876 3709 Parm.
893 3672 958 3722 1473
1061 3613 1136 3708 illtIm
1148 3675 1214 3710 unus
1226 3657 1291 3708 nris.

141 3735 212 3785 Mus.
285 3732 347 3798 quia
360 3738 424 3782 sunt
435 3730 551 3782 totidem
565 3745 635 3781 mea.
672 3729 816 3796 Deprecor
829 3728 901 3779 illam
915 3730 1016 3781 Vossius
1030 3728 1140 3781 Lachm.
1219 3725 1291 3794 quasi

141 3819 196 3855 non
211 3802 327 3854 totidem
341 3802 411 3852 mala
424 3800 556 3865 deprecer
570 3800 605 3851 illi
620 3801 672 3852 lob.
688 3801 732 3852 Fr.
747 3801 886 3853 Gronouius
1017 3798 1091 3867 Qria
1102 3799 1195 3850 sentio
1208 3796 1292 3852 idern:

141 3890 204 3925 nam
218 3872 352 3938 deprecor
365 3872 435 3923 illam
450 3872 626 3923 Froehlichius.

177 3965 202 4008 4.
239 3959 306 3994 nero
321 3944 367 3995 LO
450 3958 504 3994 non
518 3944 536 3993 h
550 3941 736 3994 Ambrosianus
816 3941 952 4008 disperam
965 3940 1018 3993 cod.
1031 3939 1123 3992 Clark.
1136 3939 1247 4009 XXpr.
1258 3956 1291 3991 sn.

141 4015 210 4067 Brit.
225 4016 294 4067 Mus.
308 4026 368 4066 tres.

664 4082 773 4135 XCIII.

177 4173 239 4224 Cum
255 4193 276 4225 c.
293 4171 377 4225 XCII
389 4175 536 4225 continuant
552 4170 643 4223 codices
661 4173 760 4223 sinceri.
797 4172 828 4222 In
843 4171 905 4223 Pad
916 4181 974 4238 pos!
989 4168 1077 4221 XCII.
1092 4185 1105 4219 a
1120 4170 1292 4237 scriptumest

141 4260 184 4313 Ad
199 4259 243 4326 (In
257 4259 307 4328 Pd)
320 4260 475 4313 Caesarem.
506 4261 622 4327 Spatium
635 4261 661 4311 in
675 4260 703 4310 D
712 4259 776 4326 quod
785 4268 910 4310 corrector
921 4259 958 4310 sic
969 4255 1092 4325 suppleuit
1108 4256 1141 4308 In
1155 4257 1292 4310 Cesarem.

179 4349 202 4382 1.
239 4331 330 4385 studio
342 4332 361 4383 h
430 4330 501 4382 belle
516 4331 646 4382 Vsenerus.

177 4416 202 4453 a.
241 4400 300 4452 Nec
312 4400 333 4452 si
347 4416 395 4452 ore
410 4400 500 4471 (more
512 4401 550 4469 H)
565 4395 909 4454 ABCGHLLa¹La¹OPVb
978 4395 1023 4450 Ne
1034 4396 1057 4449 si
1069 4412 1151 4451 orem
1162 4400 1196 4451 cd
1201 4398 1241 4452 ed.
1248 4398 1293 4450 Pr.
