2872 5002
487 342 716 404 CARMINVM
746 339 934 403 CATVLLI.
1229 340 1288 396 257

136 510 257 569 alterius
283 510 371 587 partis
395 511 536 569 turbatius
562 521 606 569 est
631 515 727 584 σχῆμα.
771 507 849 566 Nam
871 523 957 565 uersu
983 518 1036 580 177
1060 524 1079 564 a
1102 502 1291 580 sequentibus

136 610 283 677 abscisso,
298 626 436 667 numeros
449 606 505 667 hos
520 608 588 668 tacit

536 722 892 793 6.1,6.4.4.6.4.

179 835 288 895 Melior
301 837 373 895 ordo
388 837 513 913 priorum
528 855 675 906 uersuum,

638 964 781 1024 Mesodos

336 1082 589 1159 2†²†3·4·⁶
673 1090 752 1155 3†a
838 1079 1090 1153 (ἀμ-εει

180 1193 242 1253 Sed
262 1195 292 1252 in
314 1194 371 1253 hoc
392 1197 495 1254 errauit
516 1196 597 1273 quod
619 1195 765 1254 Mesodon
786 1194 854 1253 tacit
871 1194 1000 1271 quinque
1021 1209 1122 1250 uersus
1145 1189 1225 1251 Certe
1243 1208 1292 1266 ego

136 1293 362 1350 tae-tumulabor
385 1301 493 1351 mortua
521 1301 608 1364 terro,
634 1294 684 1371 qui
708 1311 893 1370 nequaquam
918 1302 1006 1367 caput
1030 1301 1098 1353 sunt
1123 1289 1292 1360 sententiae,

138 1390 222 1447 cuius
237 1391 261 1448 si
275 1408 392 1448 summa
411 1391 441 1447 in
463 1390 559 1466 aliqua
581 1400 662 1467 parte
683 1391 809 1466 ponitur,
830 1388 860 1446 in
881 1388 927 1447 his
948 1389 1132 1464 potissimum
1151 1388 1290 1460 143-148

141 1486 216 1544 Tum
238 1488 389 1545 castanella
403 1490 636 1564 urio-perraria
651 1495 759 1546 curant.
802 1486 870 1563 Ipse
885 1487 982 1563 potius
997 1488 1038 1545 sic
1053 1485 1153 1545 diuido

185 1603 323 1660 ¹3²·142
340 1585 388 1663 (ιι
406 1584 468 1664 uu.)
489 1585 626 1657 Querella
640 1586 676 1644 de
692 1585 801 1645 Thesei
816 1585 943 1661 perfidia.

186 1699 325 1759 143-153
341 1681 390 1762 (ιι
409 1683 470 1762 uu.)
492 1683 568 1743 Vin‘s
583 1683 661 1742 nulla
675 1684 757 1743 fides.
792 1683 858 1761 Ego
874 1682 993 1743 Thesea
1008 1680 1120 1740 seruaui
1129 1699 1138 1753 ;
1157 1679 1293 1739 Theseus

139 1799 189 1839 me
204 1781 318 1857 reliquit
332 1782 556 1840 dilacerandam.

186 1893 325 1953 154-1'10
342 1878 390 1956 (ιη
409 1877 469 1958 uu.)
491 1879 570 1951 Quid
586 1881 748 1939 crudelius?
770 1888 846 1939 certe
862 1878 968 1938 famula
983 1895 1047 1936 esse
1061 1888 1201 1953 poteram.
1235 1872 1293 1933 Sed

139 1977 318 2053 nequiquam
334 1994 504 2051 conqueror,
519 1996 609 2036 nemo
623 1979 702 2036 enim
716 1977 796 2036 audit
810 1985 1047 2053 conquerentem.

186 2077 321 2148 171-187
342 2075 393 2153 (17
410 2072 470 2153 uu.)
492 2075 611 2133 Vtinam
633 2094 784 2151 nunquam
806 2077 836 2133 in
858 2072 977 2134 Cretam
999 2072 1133 2132 Theseus
1154 2069 1291 2128 uenisset

141 2170 220 2229 Nam
236 2190 294 2247 quo
310 2191 357 2230 rne
373 2172 514 2231 reseram?
536 2175 635 2232 omnia
650 2174 726 2232 circa
741 2175 854 2233 deserta
869 2183 944 2231 sunt.

187 2272 320 2327 188-201
349 2268 400 2346 (14
423 2268 485 2347 uu.)
518 2270 577 2330 Sed
602 2272 753 2349 poscenda
775 2284 818 2330 est
841 2271 922 2329 ultio.
975 2269 1116 2344 Inprecor
1137 2264 1240 2323 Furias
1263 2272 1293 2320 ut

139 2366 220 2443 quali
234 2385 281 2425 me
297 2381 394 2427 mente
409 2368 543 2428 Theseus
558 2368 732 2439 funestabat,
747 2370 849 2427 eadem
864 2370 926 2445 ipse
941 2366 1107 2424 funestetur.

185 2464 286 2540 ltaque
301 2483 418 2524 carmen
434 2466 463 2524 in
480 2479 606 2543 spartes
621 2467 761 2526 scinditur
775 2480 804 2526 et
818 2466 956 2543 Epodon.
982 2463 1096 2521 Priores
1111 2461 1186 2519 duae
1200 2469 1293 2516 utrae·

140 2581 200 2640 que
215 2565 399 2622 undenorum
421 2575 488 2623 sunt
502 2583 658 2638 uersuum
680 2566 858 2641 posteriores
873 2561 1128 2640 septendenorum.
1170 2556 1293 2633 Epodos

140 2662 373 2737 quattuordecim
387 2661 483 2734 habet,
499 2681 587 2739 quem
604 2663 729 2722 eundem
750 2680 903 2721 numerum
925 2662 955 2718 in
977 2658 1109 2734 sequenti
1129 2667 1209 2734 parte
1230 2672 1293 2712 car-

140 2759 228 2816 minis
252 2749 419 2837 (soa-⁸264)
444 2760 542 2836 posuit
567 2760 706 2832 Catullus,
731 2772 763 2819 ut
788 2760 912 2837 Epodos
934 2761 964 2818 in
987 2758 1044 2816 fine
1066 2754 1293 2833 respondentem

140 2856 260 2914 haberet
274 2856 303 2913 in
319 2855 376 2913 tine
390 2857 518 2932 Epodon
534 2856 712 2935 (251-264).
756 2858 846 2918 Hunc
868 2874 1023 2916 numemm
1045 2853 1179 2913 consulto
1200 2851 1294 2928 potuit

139 2953 295 3011 adhibere:
318 2956 550 3028 quattuordecim
564 2958 642 3015 enim
659 2957 860 3018 adulescentes
875 2956 1061 3032 uirginesque
1079 2970 1159 3011 nono
1174 2967 1292 3028 quoque

139 3068 221 3108 anno
242 3050 435 3109 Athenienses
457 3050 575 3112 Cretam
597 3055 757 3112 mittebant
802 3052 946 3111 Plutarch.
970 3050 1059 3108 Thes.
1081 3049 1138 3106 XV
1158 3050 1293 3120 Ἐπικηρν-

139 3152 290 3218 πευσόμενοι
314 3151 354 3203 καί
378 3150 506 3219 δεηθέντες
531 3152 684 3221 ε’ποιίησαντο
708 3152 842 3222 συνθήκας,
865 3154 933 3207 ὥστε
957 3151 1066 3221 πέμπειν
1087 3147 1118 3204 δι’
1140 3149 1210 3204 ε’ννέα
1231 3148 1294 3201 ε’τῶν

139 3249 248 3317 δασμόν,
271 3246 368 3316 νἠῖθέους
393 3250 457 3304 ε’πτὰ
481 3253 521 3305 καὶ
543 3251 683 3322 παρθένους
704 3250 840 3318 τοσαύτας,
863 3253 1037 3322 ὁμολογοῦσιν
1057 3250 1081 3302 oi
1104 3251 1224 3303 πλεῖστοι
1244 3250 1295 3299 τῶν

140 3347 321 3419 ξυγγραφέων.
362 3343 460 3403 Etiam
485 3347 553 3405 illud
580 3346 701 3406 sortasse
724 3347 871 3406 aflectauit
893 3355 924 3403 ut
946 3346 1053 3420 γέρανον
1073 3344 1134 3401 siue
1156 3343 1294 3401 choream

140 3459 231 3517 quam
257 3460 274 3498 a
298 3441 385 3501 Creta
410 3462 557 3518 regressus
585 3444 720 3504 Theseus
746 3445 849 3502 dicitur
877 3444 1043 3512 instituisse,
1064 3437 1294 3517 perplexionbus

140 3541 270 3598 numeris
297 3540 480 3616 stropharum
510 3542 756 3620 antistrophorum
785 3539 957 3617 Epodomm
986 3541 1149 3598 imitaretur.
1202 3534 1294 3593 Thes.

140 3637 215 3695 XXI
232 3639 275 3691 Ἐκ
290 3639 317 3693 δί
331 3641 375 3708 τῆς
390 3639 488 3712 Κρητηε
510 3642 647 3697 ἀποπλέων
668 3642 703 3698 εἷς
725 3644 810 3710 Δῆλον
831 3642 941 3712 κάτεσχε
963 3642 1002 3694 καὶ
1023 3641 1059 3712 τῷ
1080 3637 1130 3711 θεῷ
1152 3634 1234 3690 θόσας
1254 3635 1295 3688 καί

139 3737 241 3792 ἀναθεὶς
254 3737 283 3788 τό
297 3736 452 3807 ἀφροδίσιον
470 3738 484 3792 δ
501 3741 569 3811 παρά
590 3742 634 3807 τῆς
654 3739 779 3810 Ἀριάδνης
792 3741 897 3807 ε’λαβεν,
912 3739 1036 3809 ε’χόρευσε
1057 3736 1121 3802 μετὰ
1141 3738 1192 3787 τῶν
1205 3730 1296 3800 ἠϊθέων

140 3835 246 3905 χορείαν
266 3831 295 3901 ἣν
313 3834 350 3887 ἔτι
371 3837 414 3887 νῦν
434 3836 560 3890 έπιτελεῖν
581 3838 690 3905 Δηλίους
711 3836 828 3907 λέγουσι,
850 3836 947 3904 μίμημα
968 3840 1019 3888 τῶν
1039 3834 1066 3886 έν
1085 3834 1121 3904 τῷ
1145 3828 1295 3902 Λαβυρίνθῳ

141 3930 267 4001 περιόδων
290 3932 331 3984 καί
353 3931 474 4000 διεξόδων
494 3933 521 3987 έν
540 3935 587 3988 τινί
607 3933 695 4006 ῥυθμῷ
722 3934 875 4006 περιελίξας
896 3934 936 3986 καί
960 3931 1084 3999 ἀνελίξεις
1104 3929 1189 3998 ἔχοντι
1208 3949 1295 3999 γιγνο-

140 4028 226 4098 μένην·
247 4031 360 4082 καλεῖται
374 4029 402 4081 δέ
417 4032 446 4083 τὸ
459 4030 533 4100 γένος
546 4035 622 4085 τοῦτο
643 4035 688 4099 της
709 4031 813 4102 χορείας
833 4032 882 4086 ὑπὸ
904 4029 1005 4097 Δηλίων
1018 4028 1124 4099 γέρανος
1144 4025 1177 4081 ὡς
1198 4027 1298 4096 ἱστορεῖ

141 4127 305 4196 Δικαίαρχος.
349 4124 493 4198 Ἐχάρευσε
514 4128 542 4183 δέ
563 4130 604 4183 καί
623 4132 682 4200 περὶ
702 4131 748 4182 τὸν
767 4133 894 4197 κεροτῶνα
913 4127 1003 4193 βῶμον
1023 4125 1050 4176 εἰς
1071 4123 1181 4193 κεράεων
1202 4142 1297 4192 συνηρ·

139 4222 269 4293 μοομίνον
290 4221 422 4291 εὐωνύμων
435 4229 561 4283 ἁπάντων.
603 4223 715 4283 Marius
730 4222 898 4281 Victorinus
915 4235 1002 4291 2501,
1020 4237 1034 4275 2
1052 4216 1085 4276 P.
1126 4215 1191 4273 Hoc
1206 4234 1296 4290 genus

141 4322 173 4377 r'n
186 4320 278 4377 sacris
291 4319 552 4399 cantilmaescrunt
563 4323 675 4397 quidum
698 4321 847 4377 instituisse
871 4315 1002 4374 Theseum
1024 4315 1076 4390 qui
1094 4314 1177 4370 occsio
1197 4311 1296 4371 Μισο-

140 4425 297 4476 taurorum
310 4415 390 4492 apud
400 4415 504 4476 Delum
517 4421 635 4477 solueret
647 4425 710 4475 uota
725 4417 849 4474 rinrtatus
871 4415 1004 4471 rislorlum
1024 4419 1051 4470 et
1059 4412 1223 4490 flexuosam
1245 4412 1298 4473 iter

715 4532 730 4572 s
