<?xml version="1.0" encoding="UTF-8"?>
<!DOCTYPE html PUBLIC "-//W3C//DTD XHTML 1.0 Transitional//EN"
    "http://www.w3.org/TR/xhtml1/DTD/xhtml1-transitional.dtd">
<html xmlns="http://www.w3.org/1999/xhtml" xml:lang="en" lang="en">
 <head>
  <title>
</title>
<meta http-equiv="Content-Type" content="text/html;charset=utf-8" />
  <meta name='ocr-system' content='tesseract 3.04.00' />
  <meta name='ocr-capabilities' content='ocr_page ocr_carea ocr_par ocr_line ocrx_word'/>
</head>
<body>
  <div class='ocr_page' id='page_1' title='image "./catulliliber00catugoog_0407.png"; bbox 0 0 2872 5002; ppageno 0'>
   <div class='ocr_carea' id='block_1_1' title="bbox 217 371 971 438">
    <p class='ocr_par' dir='ltr' id='par_1_1' title="bbox 217 371 971 438">
     <span class='ocr_line' id='line_1_1' title="bbox 217 371 971 438; baseline -0.005 -1"><span class='ocrx_word' id='word_1_1' title='bbox 217 382 277 438; x_wconf 78' lang='lat'>238</span> <span class='ocrx_word' id='word_1_2' title='bbox 619 371 677 433; x_wconf 89' lang='lat' dir='ltr'>DE</span> <span class='ocrx_word' id='word_1_3' title='bbox 709 372 971 435; x_wconf 82' lang='lat' dir='ltr'><strong>PARTITIONE</strong></span> 
     </span>
    </p>
   </div>
   <div class='ocr_carea' id='block_1_2' title="bbox 216 539 1380 720">
    <p class='ocr_par' dir='ltr' id='par_1_2' title="bbox 216 539 1380 720">
     <span class='ocr_line' id='line_1_2' title="bbox 256 539 1380 619; baseline 0.005 -20"><span class='ocrx_word' id='word_1_4' title='bbox 256 554 285 601; x_wconf 75' lang='grc' dir='ltr'>Β.</span> <span class='ocrx_word' id='word_1_5' title='bbox 299 547 360 615; x_wconf 61' lang='grc'>(4.5</span> <span class='ocrx_word' id='word_1_6' title='bbox 382 542 433 600; x_wconf 90' lang='lat' dir='ltr'>ubi</span> <span class='ocrx_word' id='word_1_7' title='bbox 454 539 584 601; x_wconf 88' lang='lat' dir='ltr'>secunda</span> <span class='ocrx_word' id='word_1_8' title='bbox 604 540 677 619; x_wconf 63' lang='lat' dir='ltr'>pars*</span> <span class='ocrx_word' id='word_1_9' title='bbox 693 540 854 619; x_wconf 75' lang='lat' dir='ltr'>respondet</span> <span class='ocrx_word' id='word_1_10' title='bbox 874 541 984 613; x_wconf 80' lang='lat' dir='ltr'><strong>tertiae,</strong></span> <span class='ocrx_word' id='word_1_11' title='bbox 1006 557 1100 600; x_wconf 89' lang='lat' dir='ltr'>unum</span> <span class='ocrx_word' id='word_1_12' title='bbox 1121 541 1218 603; x_wconf 86' lang='lat' dir='ltr'>habet</span> <span class='ocrx_word' id='word_1_13' title='bbox 1231 543 1268 604; x_wconf 85' lang='lat' dir='ltr'>C.</span> <span class='ocrx_word' id='word_1_14' title='bbox 1283 543 1380 604; x_wconf 85' lang='lat' dir='ltr'>XLIX</span> 
     </span>
     <span class='ocr_line' id='line_1_3' title="bbox 216 640 635 720; baseline -0.01 -18"><span class='ocrx_word' id='word_1_15' title='bbox 216 641 297 720; x_wconf 92' lang='lat' dir='ltr'>quod</span> <span class='ocrx_word' id='word_1_16' title='bbox 312 641 353 700; x_wconf 93' lang='lat' dir='ltr'>sic</span> <span class='ocrx_word' id='word_1_17' title='bbox 368 640 493 700; x_wconf 89' lang='lat' dir='ltr'>diuisum</span> <span class='ocrx_word' id='word_1_18' title='bbox 508 649 552 700; x_wconf 90' lang='lat' dir='ltr'>est</span> <span class='ocrx_word' id='word_1_19' title='bbox 567 659 635 716; x_wconf 83' lang='lat'>3²²·</span> 
     </span>
    </p>
   </div>
   <div class='ocr_carea' id='block_1_3' title="bbox 214 807 1377 1968">
    <p class='ocr_par' dir='ltr' id='par_1_3' title="bbox 214 807 1377 1775">
     <span class='ocr_line' id='line_1_4' title="bbox 259 807 1377 890; baseline 0.005 -21"><span class='ocrx_word' id='word_1_20' title='bbox 259 819 327 879; x_wconf 62' lang='lat'>133.</span> <span class='ocrx_word' id='word_1_21' title='bbox 352 815 379 870; x_wconf 88' lang='lat'>6.</span> <span class='ocrx_word' id='word_1_22' title='bbox 401 810 427 870; x_wconf 94' lang='lat' dir='ltr'>L</span> <span class='ocrx_word' id='word_1_23' title='bbox 447 811 493 870; x_wconf 88' lang='lat' dir='ltr'>bis</span> <span class='ocrx_word' id='word_1_24' title='bbox 514 811 638 870; x_wconf 89' lang='lat' dir='ltr'>incisum</span> <span class='ocrx_word' id='word_1_25' title='bbox 659 819 703 870; x_wconf 86' lang='lat' dir='ltr'>est</span> <span class='ocrx_word' id='word_1_26' title='bbox 724 819 793 887; x_wconf 90' lang='lat' dir='ltr'>post</span> <span class='ocrx_word' id='word_1_27' title='bbox 815 811 843 880; x_wconf 91' lang='lat'>6,</span> <span class='ocrx_word' id='word_1_28' title='bbox 869 828 914 884; x_wconf 83' lang='lat'>¹3·</span> <span class='ocrx_word' id='word_1_29' title='bbox 955 807 1056 870; x_wconf 84' lang='lat' dir='ltr'>Habet</span> <span class='ocrx_word' id='word_1_30' title='bbox 1081 808 1170 888; x_wconf 85' lang='lat' dir='ltr'>igitur</span> <span class='ocrx_word' id='word_1_31' title='bbox 1196 823 1299 890; x_wconf 85' lang='lat' dir='ltr'>partes</span> <span class='ocrx_word' id='word_1_32' title='bbox 1323 825 1377 874; x_wconf 84' lang='lat' dir='ltr'>tres</span> 
     </span>
     <span class='ocr_line' id='line_1_5' title="bbox 215 907 1375 993; baseline 0.002 -22"><span class='ocrx_word' id='word_1_33' title='bbox 215 909 313 993; x_wconf 82' lang='lat'>(673),</span> <span class='ocrx_word' id='word_1_34' title='bbox 328 910 457 986; x_wconf 87' lang='lat' dir='ltr'>singulas</span> <span class='ocrx_word' id='word_1_35' title='bbox 472 927 532 968; x_wconf 91' lang='lat' dir='ltr'>uno</span> <span class='ocrx_word' id='word_1_36' title='bbox 545 927 633 968; x_wconf 87' lang='lat' dir='ltr'>uersu</span> <span class='ocrx_word' id='word_1_37' title='bbox 647 908 841 986; x_wconf 84' lang='lat' dir='ltr'>praecedente</span> <span class='ocrx_word' id='word_1_38' title='bbox 859 908 996 970; x_wconf 89' lang='lat' dir='ltr'>maiores.</span> <span class='ocrx_word' id='word_1_39' title='bbox 1037 907 1104 967; x_wconf 87' lang='lat' dir='ltr'>Has</span> <span class='ocrx_word' id='word_1_40' title='bbox 1126 907 1278 971; x_wconf 85' lang='lat' dir='ltr'>diuisurus</span> <span class='ocrx_word' id='word_1_41' title='bbox 1300 931 1375 972; x_wconf 85' lang='lat' dir='ltr'>eram</span> 
     </span>
     <span class='ocr_line' id='line_1_6' title="bbox 215 1005 1376 1085; baseline -0.001 -16"><span class='ocrx_word' id='word_1_42' title='bbox 215 1011 246 1069; x_wconf 88' lang='lat' dir='ltr'>in</span> <span class='ocrx_word' id='word_1_43' title='bbox 263 1030 309 1082; x_wconf 81' lang='grc'>24,</span> <span class='ocrx_word' id='word_1_44' title='bbox 324 1029 338 1067; x_wconf 91' lang='grc'><strong>2</strong></span> <span class='ocrx_word' id='word_1_45' title='bbox 343 1023 371 1083; x_wconf 82' lang='grc'>5,</span> <span class='ocrx_word' id='word_1_46' title='bbox 384 1011 439 1080; x_wconf 84' lang='lat'>26;</span> <span class='ocrx_word' id='word_1_47' title='bbox 462 1006 513 1066; x_wconf 93' lang='lat' dir='ltr'>sed</span> <span class='ocrx_word' id='word_1_48' title='bbox 527 1016 664 1083; x_wconf 88' lang='lat' dir='ltr'>quattuor</span> <span class='ocrx_word' id='word_1_49' title='bbox 678 1007 819 1085; x_wconf 87' lang='lat' dir='ltr'>postremi</span> <span class='ocrx_word' id='word_1_50' title='bbox 833 1024 936 1066; x_wconf 88' lang='lat' dir='ltr'>uersus</span> <span class='ocrx_word' id='word_1_51' title='bbox 950 1025 1019 1065; x_wconf 90' lang='lat' dir='ltr'>cum</span> <span class='ocrx_word' id='word_1_52' title='bbox 1033 1005 1223 1067; x_wconf 80' lang='lat' dir='ltr'>manifestam</span> <span class='ocrx_word' id='word_1_53' title='bbox 1237 1013 1376 1084; x_wconf 62' lang='grc' dir='ltr'>περικοπὴν</span> 
     </span>
     <span class='ocr_line' id='line_1_7' title="bbox 215 1104 1374 1186; baseline 0 -18"><span class='ocrx_word' id='word_1_54' title='bbox 215 1109 330 1176; x_wconf 72' lang='lat' dir='ltr'>faciant„</span> <span class='ocrx_word' id='word_1_55' title='bbox 345 1107 427 1166; x_wconf 88' lang='lat' dir='ltr'>tertia</span> <span class='ocrx_word' id='word_1_56' title='bbox 441 1124 509 1183; x_wconf 88' lang='lat' dir='ltr'>pars</span> <span class='ocrx_word' id='word_1_57' title='bbox 523 1105 611 1164; x_wconf 88' lang='lat' dir='ltr'>habet</span> <span class='ocrx_word' id='word_1_58' title='bbox 625 1104 680 1164; x_wconf 90' lang='lat' dir='ltr'>hos</span> <span class='ocrx_word' id='word_1_59' title='bbox 692 1123 829 1164; x_wconf 84' lang='lat' dir='ltr'>numeros</span> <span class='ocrx_word' id='word_1_60' title='bbox 842 1124 869 1176; x_wconf 82' lang='grc'>4,</span> <span class='ocrx_word' id='word_1_61' title='bbox 882 1124 910 1178; x_wconf 83' lang='grc'>4.</span> <span class='ocrx_word' id='word_1_62' title='bbox 932 1104 1179 1181; x_wconf 81' lang='lat' dir='ltr'>Regredientibus</span> <span class='ocrx_word' id='word_1_63' title='bbox 1195 1107 1236 1167; x_wconf 89' lang='lat' dir='ltr'>ad</span> <span class='ocrx_word' id='word_1_64' title='bbox 1249 1110 1374 1186; x_wconf 75' lang='lat' dir='ltr'>primam</span> 
     </span>
     <span class='ocr_line' id='line_1_8' title="bbox 215 1202 1373 1280; baseline 0.001 -13"><span class='ocrx_word' id='word_1_65' title='bbox 215 1207 329 1267; x_wconf 87' lang='lat' dir='ltr'>numeri</span> <span class='ocrx_word' id='word_1_66' title='bbox 351 1215 419 1264; x_wconf 90' lang='lat' dir='ltr'>sunt</span> <span class='ocrx_word' id='word_1_67' title='bbox 439 1214 489 1262; x_wconf 90' lang='lat' dir='ltr'>aut</span> <span class='ocrx_word' id='word_1_68' title='bbox 506 1224 521 1262; x_wconf 90' lang='grc'><strong>2</strong></span> <span class='ocrx_word' id='word_1_69' title='bbox 539 1218 556 1278; x_wconf 85' lang='lat'>5</span> <span class='ocrx_word' id='word_1_70' title='bbox 572 1214 621 1262; x_wconf 87' lang='lat' dir='ltr'>aut</span> <span class='ocrx_word' id='word_1_71' title='bbox 637 1221 654 1279; x_wconf 80' lang='lat'><strong>3</strong></span> <span class='ocrx_word' id='word_1_72' title='bbox 671 1222 698 1274; x_wconf 82' lang='grc'>4.</span> <span class='ocrx_word' id='word_1_73' title='bbox 740 1202 811 1263; x_wconf 88' lang='lat' dir='ltr'>Hoc</span> <span class='ocrx_word' id='word_1_74' title='bbox 831 1220 899 1262; x_wconf 89' lang='lat' dir='ltr'>cum</span> <span class='ocrx_word' id='word_1_75' title='bbox 920 1204 1068 1280; x_wconf 84' lang='lat' dir='ltr'>plerisque</span> <span class='ocrx_word' id='word_1_76' title='bbox 1088 1205 1225 1280; x_wconf 78' lang='lat' dir='ltr'>praetuli,</span> <span class='ocrx_word' id='word_1_77' title='bbox 1247 1225 1286 1266; x_wconf 93' lang='lat' dir='ltr'>ne</span> <span class='ocrx_word' id='word_1_78' title='bbox 1307 1226 1373 1268; x_wconf 87' lang='lat' dir='ltr'>con·</span> 
     </span>
     <span class='ocr_line' id='line_1_9' title="bbox 215 1300 1375 1384; baseline 0.001 -19"><span class='ocrx_word' id='word_1_79' title='bbox 215 1307 314 1365; x_wconf 90' lang='lat' dir='ltr'>iuncto</span> <span class='ocrx_word' id='word_1_80' title='bbox 347 1304 383 1362; x_wconf 82' lang='lat' dir='ltr'>Vr</span> <span class='ocrx_word' id='word_1_81' title='bbox 408 1309 571 1361; x_wconf 80' lang='lat' dir='ltr'>conuenerat</span> <span class='ocrx_word' id='word_1_82' title='bbox 595 1322 651 1361; x_wconf 82' lang='lat' dir='ltr'>esse</span> <span class='ocrx_word' id='word_1_83' title='bbox 677 1303 808 1361; x_wconf 71' lang='lat' dir='ltr'>delicatos</span> <span class='ocrx_word' id='word_1_84' title='bbox 835 1321 903 1361; x_wconf 91' lang='lat' dir='ltr'>cum</span> <span class='ocrx_word' id='word_1_85' title='bbox 932 1300 1064 1361; x_wconf 80' lang='lat' dir='ltr'>Sm&#39;bens</span> <span class='ocrx_word' id='word_1_86' title='bbox 1087 1306 1244 1364; x_wconf 75' lang='lat' dir='ltr'>uerse&#39;culos</span> <span class='ocrx_word' id='word_1_87' title='bbox 1266 1315 1375 1384; x_wconf 71' lang='lat' dir='ltr'>uterque</span> 
     </span>
     <span class='ocr_line' id='line_1_10' title="bbox 215 1400 1371 1481; baseline 0.004 -19"><span class='ocrx_word' id='word_1_88' title='bbox 215 1411 348 1474; x_wconf 82' lang='lat' dir='ltr'>nostrum,</span> <span class='ocrx_word' id='word_1_89' title='bbox 362 1403 461 1462; x_wconf 89' lang='lat' dir='ltr'>nescio</span> <span class='ocrx_word' id='word_1_90' title='bbox 476 1402 547 1478; x_wconf 92' lang='lat' dir='ltr'>quid</span> <span class='ocrx_word' id='word_1_91' title='bbox 561 1419 697 1478; x_wconf 85' lang='lat' dir='ltr'>asperum</span> <span class='ocrx_word' id='word_1_92' title='bbox 716 1420 771 1461; x_wconf 91' lang='lat' dir='ltr'>nec</span> <span class='ocrx_word' id='word_1_93' title='bbox 793 1400 909 1460; x_wconf 87' lang='lat' dir='ltr'>Catullo</span> <span class='ocrx_word' id='word_1_94' title='bbox 930 1401 1110 1462; x_wconf 84' lang='lat' dir='ltr'>conueniens</span> <span class='ocrx_word' id='word_1_95' title='bbox 1132 1415 1252 1481; x_wconf 87' lang='lat' dir='ltr'>saperet</span> <span class='ocrx_word' id='word_1_96' title='bbox 1273 1409 1371 1467; x_wconf 83' lang='lat' dir='ltr'>oratio.</span> 
     </span>
     <span class='ocr_line' id='line_1_11' title="bbox 215 1498 1371 1581; baseline 0.002 -20"><span class='ocrx_word' id='word_1_97' title='bbox 215 1501 370 1561; x_wconf 88' lang='lat' dir='ltr'>Habemus</span> <span class='ocrx_word' id='word_1_98' title='bbox 389 1501 476 1576; x_wconf 84' lang='lat' dir='ltr'>igitur</span> <span class='ocrx_word' id='word_1_99' title='bbox 489 1510 519 1557; x_wconf 80' lang='grc' dir='ltr'>Α.</span> <span class='ocrx_word' id='word_1_100' title='bbox 536 1519 564 1576; x_wconf 83' lang='lat'>3,</span> <span class='ocrx_word' id='word_1_101' title='bbox 580 1519 606 1575; x_wconf 84' lang='lat'>3.</span> <span class='ocrx_word' id='word_1_102' title='bbox 648 1511 677 1557; x_wconf 83' lang='grc' dir='ltr'>Β.</span> <span class='ocrx_word' id='word_1_103' title='bbox 694 1512 721 1574; x_wconf 77' lang='lat'>7.</span> <span class='ocrx_word' id='word_1_104' title='bbox 764 1510 791 1558; x_wconf 83' lang='lat' dir='ltr'>r.</span> <span class='ocrx_word' id='word_1_105' title='bbox 808 1518 836 1572; x_wconf 85' lang='lat'>4,</span> <span class='ocrx_word' id='word_1_106' title='bbox 852 1519 880 1573; x_wconf 85' lang='lat'>4.</span> <span class='ocrx_word' id='word_1_107' title='bbox 921 1498 1092 1560; x_wconf 83' lang='lat' dir='ltr'>Vndenin</span> <span class='ocrx_word' id='word_1_108' title='bbox 1106 1520 1134 1574; x_wconf 83' lang='grc'>4,</span> <span class='ocrx_word' id='word_1_109' title='bbox 1152 1521 1170 1577; x_wconf 83' lang='lat'>3</span> <span class='ocrx_word' id='word_1_110' title='bbox 1186 1522 1266 1581; x_wconf 87' lang='lat' dir='ltr'>quae</span> <span class='ocrx_word' id='word_1_111' title='bbox 1287 1505 1371 1565; x_wconf 83' lang='lat' dir='ltr'>altera</span> 
     </span>
     <span class='ocr_line' id='line_1_12' title="bbox 214 1596 1370 1682; baseline 0 -24"><span class='ocrx_word' id='word_1_112' title='bbox 214 1609 302 1658; x_wconf 86' lang='lat' dir='ltr'>restat</span> <span class='ocrx_word' id='word_1_113' title='bbox 317 1598 430 1670; x_wconf 84' lang='lat' dir='ltr'>diuisio,</span> <span class='ocrx_word' id='word_1_114' title='bbox 448 1599 553 1656; x_wconf 90' lang='lat' dir='ltr'>nonin</span> <span class='ocrx_word' id='word_1_115' title='bbox 571 1617 597 1669; x_wconf 85' lang='grc'>2,</span> <span class='ocrx_word' id='word_1_116' title='bbox 613 1596 751 1672; x_wconf 79' lang='lat' dir='ltr'>5rnerito</span> <span class='ocrx_word' id='word_1_117' title='bbox 772 1597 842 1655; x_wconf 91' lang='lat' dir='ltr'>mihi</span> <span class='ocrx_word' id='word_1_118' title='bbox 863 1597 996 1658; x_wconf 88' lang='lat' dir='ltr'>diuisisse</span> <span class='ocrx_word' id='word_1_119' title='bbox 1018 1598 1129 1658; x_wconf 90' lang='lat' dir='ltr'>uideor.</span> <span class='ocrx_word' id='word_1_120' title='bbox 1174 1607 1269 1676; x_wconf 69' lang='grc' dir='ltr'><strong><em>Σχῆμα</em></strong></span> <span class='ocrx_word' id='word_1_121' title='bbox 1289 1605 1370 1682; x_wconf 77' lang='lat' dir='ltr'>igitur</span> 
     </span>
     <span class='ocr_line' id='line_1_13' title="bbox 214 1693 885 1775; baseline 0.003 -2"><span class='ocrx_word' id='word_1_122' title='bbox 214 1708 259 1758; x_wconf 82' lang='lat' dir='ltr'>est</span> <span class='ocrx_word' id='word_1_123' title='bbox 275 1718 312 1773; x_wconf 89' lang='lat'>33</span> <span class='ocrx_word' id='word_1_124' title='bbox 329 1742 335 1755; x_wconf 88' lang='lat'><strong>·</strong></span> <span class='ocrx_word' id='word_1_125' title='bbox 352 1716 389 1771; x_wconf 93' lang='lat'>43</span> <span class='ocrx_word' id='word_1_126' title='bbox 406 1742 413 1753; x_wconf 89' lang='lat'><strong>·</strong></span> <span class='ocrx_word' id='word_1_127' title='bbox 431 1715 468 1767; x_wconf 89' lang='lat'>44</span> <span class='ocrx_word' id='word_1_128' title='bbox 485 1739 491 1754; x_wconf 92' lang='lat'><em>·</em></span> <span class='ocrx_word' id='word_1_129' title='bbox 507 1694 559 1774; x_wconf 82' lang='lat'>(33</span> <span class='ocrx_word' id='word_1_130' title='bbox 577 1742 582 1754; x_wconf 91' lang='lat'>·</span> <span class='ocrx_word' id='word_1_131' title='bbox 599 1709 614 1769; x_wconf 81' lang='lat'><strong>7</strong></span> <span class='ocrx_word' id='word_1_132' title='bbox 633 1741 639 1753; x_wconf 90' lang='lat'><strong>·</strong></span> <span class='ocrx_word' id='word_1_133' title='bbox 657 1715 694 1769; x_wconf 90' lang='grc'>44</span> <span class='ocrx_word' id='word_1_134' title='bbox 711 1693 885 1775; x_wconf 78' lang='lat' dir='ltr'>Richterus.)</span> 
     </span>
    </p>

    <p class='ocr_par' dir='ltr' id='par_1_4' title="bbox 215 1792 1368 1968">
     <span class='ocr_line' id='line_1_14' title="bbox 256 1792 1368 1878; baseline 0.008 -22"><span class='ocrx_word' id='word_1_135' title='bbox 256 1797 302 1856; x_wconf 90' lang='lat' dir='ltr'>De</span> <span class='ocrx_word' id='word_1_136' title='bbox 316 1795 371 1854; x_wconf 86' lang='lat' dir='ltr'>LV</span> <span class='ocrx_word' id='word_1_137' title='bbox 382 1794 520 1854; x_wconf 85' lang='lat' dir='ltr'>minutius</span> <span class='ocrx_word' id='word_1_138' title='bbox 535 1795 593 1854; x_wconf 88' lang='lat' dir='ltr'>dixi</span> <span class='ocrx_word' id='word_1_139' title='bbox 605 1795 635 1853; x_wconf 89' lang='lat' dir='ltr'>in</span> <span class='ocrx_word' id='word_1_140' title='bbox 646 1806 788 1873; x_wconf 85' lang='lat' dir='ltr'>apparatu</span> <span class='ocrx_word' id='word_1_141' title='bbox 803 1796 911 1855; x_wconf 84' lang='lat' dir='ltr'>critico.</span> <span class='ocrx_word' id='word_1_142' title='bbox 933 1792 1018 1868; x_wconf 86' lang='lat' dir='ltr'>Quae</span> <span class='ocrx_word' id='word_1_143' title='bbox 1029 1795 1134 1856; x_wconf 85' lang='lat' dir='ltr'>sinere</span> <span class='ocrx_word' id='word_1_144' title='bbox 1148 1798 1368 1878; x_wconf 86' lang='lat' dir='ltr'>disputauimus,</span> 
     </span>
     <span class='ocr_line' id='line_1_15' title="bbox 215 1898 362 1968; baseline 0 -16"><span class='ocrx_word' id='word_1_145' title='bbox 215 1898 304 1968; x_wconf 77' lang='grc' dir='ltr'>σχῆμα</span> <span class='ocrx_word' id='word_1_146' title='bbox 319 1904 362 1954; x_wconf 85' lang='lat' dir='ltr'>est</span> 
     </span>
    </p>
   </div>
   <div class='ocr_carea' id='block_1_4' title="bbox 456 2005 1142 2101">
    <p class='ocr_par' dir='ltr' id='par_1_5' title="bbox 456 2005 1142 2101">
     <span class='ocr_line' id='line_1_16' title="bbox 456 2005 1142 2101; baseline 0.016 -11"><span class='ocrx_word' id='word_1_147' title='bbox 456 2005 733 2098; x_wconf 70' lang='lat'>14&lt;⁶÷2.4÷2&#39;›</span> <span class='ocrx_word' id='word_1_148' title='bbox 778 2014 944 2098; x_wconf 70' lang='lat'>104244</span> <span class='ocrx_word' id='word_1_149' title='bbox 985 2016 1142 2101; x_wconf 74' lang='lat'>8(²4²)·</span> 
     </span>
    </p>
   </div>
   <div class='ocr_carea' id='block_1_5' title="bbox 0 0 1440 5002">
    <p class='ocr_par' dir='ltr' id='par_1_6' title="bbox 0 0 1440 5002">
     <span class='ocr_line' id='line_1_17' title="bbox 0 0 1440 5002; baseline 0 4"><span class='ocrx_word' id='word_1_150' title='bbox 0 0 1440 5002; x_wconf 95' lang='lat' dir='ltr'> </span> 
     </span>
    </p>
   </div>
  </div>
 </body>
</html>
