3132 5166
295 467 338 527 60
741 453 999 518 CATVLLI

342 646 408 712 Ba'
454 647 566 730 Quare
589 643 791 708 monendum
815 651 843 704 te
858 650 908 706 est
932 639 1023 716 mihi,
1045 639 1133 702 bone
1156 637 1288 721 Egnati.

517 757 554 821 Si
577 757 721 820 urbanus
743 775 832 818 esses
854 763 912 816 aut
935 752 1078 816 Sabinus
1101 759 1158 814 aut
1180 748 1310 824 Tiburs,
1412 771 1440 804 ιο
1541 746 1542 766 ’

514 870 588 934 Aut
611 889 728 951 parcus
750 867 878 930 Vmber
900 875 958 928 aut
980 864 1100 928 obesus
1124 863 1290 938 Etruscus,

386 1005 420 1072 o“
464 1008 539 1071 Aut
561 1006 731 1068 Lanuinus
754 1014 826 1067 ater
847 1014 948 1085 atque
970 1003 1134 1078 dentatus,

513 1117 587 1182 Aut
609 1117 876 1198 Transpadanus,
899 1123 936 1178 ut
960 1133 1051 1178 meos
1072 1133 1200 1195 quoque
1221 1112 1391 1194 attingam,

513 1227 587 1292 Aut
609 1228 666 1309 qui
689 1226 791 1303 lubet,
814 1226 869 1309 qui
893 1225 1017 1307 puriter
1038 1225 1120 1288 lauit
1143 1225 1269 1298 dentes,

396 1373 419 1446 β
464 1365 592 1429 Tamen
615 1366 762 1428 renidere
785 1384 888 1446 usque
911 1384 1042 1446 quaque
1064 1374 1098 1426 te
1122 1361 1262 1424 nollem:
1417 1381 1444 1430 ¹5

518 1479 607 1541 Nam
631 1479 695 1541 risu
719 1478 831 1557 inepto
854 1496 905 1539 res
926 1476 1068 1557 ineptior
1089 1473 1177 1538 nulla
1200 1483 1261 1536 est,

339 1703 379 1738 11.
417 1682 690 1736 GlossaeVaticanae
704 1683 731 1735 in
749 1682 817 1734 Maii
835 1682 919 1734 Class.
933 1679 1094 1733 Auct.Vll.
1109 1693 1170 1743 574.
1207 1677 1318 1744 Pinguis
1337 1691 1448 1744 grauns.

301 1756 373 1810 Nam
392 1755 490 1808 obesus
508 1755 567 1822 plus
585 1761 626 1806 est
645 1769 727 1822 quam
747 1752 862 1821 pinguis.
899 1751 1022 1804 Catullus
1040 1751 1078 1803 ait
1100 1753 1157 1802 Aut
1174 1748 1280 1824 pinguis
1299 1748 1385 1801 ubera
1402 1751 1446 1800 aul

301 1828 401 1880 obesus
410 1831 439 1878 et
452 1840 569 1893 prossus.

341 1915 381 1963 19.
417 1896 546 1964 Apuleius
567 1893 646 1962 Apol.
663 1911 710 1960 393
736 1893 914 1960 Oudendorp,
933 1897 1002 1958 ro,8
1027 1889 1162 1958 Krueger.
1199 1887 1258 1940 Nisi
1277 1888 1351 1941 sorte
1370 1889 1398 1941 in
1416 1905 1449 1940 eo

302 1965 542 2036 reprehendendus
559 1981 619 2018 sum
638 1964 714 2033 quod
734 1964 917 2031 Calpurniano
935 1962 1115 2030 puluisculum
1136 1977 1170 2014 ex
1188 1959 1312 2013 Arabicis
1329 1959 1449 2026 frugibus

302 2039 439 2102 miserim;
466 2053 549 2105 quem
571 2036 660 2087 multo
680 2037 792 2104 aequius
813 2041 872 2086 erat
892 2034 1065 2101 spurcissimo
1085 2033 1139 2084 ritu
1163 2029 1342 2095 Hiberorum,
1361 2037 1392 2082 ut
1415 2030 1451 2081 ait

303 2108 434 2172 Catullus,
448 2107 556 2160 suasibi
574 2106 651 2158 urina
664 2105 794 2158 ‘dentem
814 2111 897 2172 atque
915 2119 1017 2156 russam
1036 2103 1176 2170 pumicare
1194 2101 1349 2167 gingiuam!
1387 2101 1450 2153 ffinc

304 2181 381 2234 uerbo
393 2195 440 2231 sua
452 2178 502 2230 sibi
515 2177 593 2230 urina
605 2176 702 2230 Catulli
712 2195 764 2228 esse
775 2175 887 2229 censebat
901 2175 1091 2228 Lachmannus.

445 2327 604 2336 .-.-—

341 2435 365 2483 9.
403 2416 570 2486 mouendum
585 2418 623 2470 Va
711 2415 738 2458 ¹⁰
752 2437 799 2468 om.
814 2417 890 2480 codd„
903 2417 1002 2469 addidit
1014 2417 1155 2485 Spengelius
1241 2432 1276 2468 m.
1290 2423 1333 2469 est
1344 2421 1374 2470 te
1387 2416 1452 2470 mihi

306 2487 466 2540 Bebrensius.
497 2488 538 2555 Cf.
551 2490 642 2556 Priap.
651 2487 755 2539 LXIX.
770 2506 795 2552 4,
808 2489 891 2556 ‘quot
904 2486 996 2554 pondo
1009 2486 1111 2538 esttibi
1125 2487 1275 2540 mentulam
1285 2487 1453 2540 calcandum.⁹

306 2558 459 2611 monendus
471 2565 511 2611 est
524 2561 548 2610 P
671 2557 825 2610 mouendus
837 2559 896 2610 esd
1002 2557 1155 2610 monendus
1166 2573 1196 2610 es
1209 2557 1281 2628 Galp.
1297 2563 1362 2622 1481
1379 2558 1453 2628 uulgo

307 2629 462 2682 monendus
474 2634 516 2681 est
529 2628 603 2680 mihi.
642 2627 719 2680 Bone
732 2628 823 2694 egnati
834 2629 871 2682 ed.
884 2631 967 2682 irinc.
981 2629 1101 2693 Auancs'i,
1114 2629 1241 2682 Muretus.

346 2717 386 2752 11.
424 2703 520 2756 Parcus
544 2696 865 2752 ABCDGLLa¹La²0Va
889 2700 926 2752 ed.
951 2702 998 2752 Pr.
1128 2705 1221 2766 partus
1234 2699 1263 2750 H
1278 2699 1454 2768 Phillippensis

304 2785 373 2838 pcus
385 2773 410 2822 P
567 2785 666 2838 porcus
678 2770 695 2820 h
708 2770 829 2838 Scaliger,
842 2771 911 2823 cuius
924 2771 985 2822 haec
997 2768 1074 2822 uerbo
1086 2781 1153 2834 sunt,
1167 2769 1349 2822 ‘Emendatio
1361 2777 1455 2823 nostra

306 2845 315 2871 ‘
328 2841 507 2894 confirmatur
519 2839 607 2894 lexico
621 2839 651 2894 P.
665 2839 787 2892 Danielis
799 2840 842 2892 cui
861 2840 945 2907 parile
959 2855 1010 2904 ego
1029 2839 1083 2892 uidi
1103 2840 1129 2890 in
1145 2839 1315 2893 monasterio
1329 2840 1454 2894 ulndoci-

307 2913 315 2941 ‘
328 2912 414 2964 nensi.
444 2912 476 2963 ln
489 2927 524 2964 eo
533 2911 661 2978 glossario
673 2910 787 2979 antiquo
799 2911 843 2963 hic
856 2925 950 2962 uersus
963 2910 1123 2976 producitur
1132 2925 1195 2963 cum
1209 2911 1455 2978 interpretamento

308 2981 357 3033 ‘id
369 2990 410 3034 est
422 2997 528 3047 grassus
540 2981 662 3048 pinguis!
701 2981 770 3033 Idem
782 2981 843 3034 dicit
858 2984 885 3034 in
897 2983 996 3033 conieci.
1008 2981 1046 3034 ad
1059 2981 1168 3035 Varron.
1182 2981 1213 3032 L.
1227 2983 1260 3034 L.
1268 2993 1296 3050 p.
1312 2999 1354 3035 10.
1391 2983 1454 3034 Eius

303 3053 429 3121 glossarii
440 3053 493 3103 ium
506 3054 653 3104 mentionem
657 3051 762 3118 fecerat
774 3052 900 3105 Turnebus
914 3052 1024 3104 Aduers.
1037 3052 1111 3104 XIV.
1125 3056 1150 3117 8,
1163 3053 1237 3104 ‘Aut
1249 3067 1346 3118 parcus
1359 3053 1456 3105 umber

309 3125 316 3151 ‘
330 3120 401 3174 male
413 3121 494 3173 scribi
508 3122 626 3174 uidetur.
658 3121 758 3174 Petrus
770 3122 883 3189 quidem
897 3121 996 3174 Daniel
1008 3137 1067 3174 sese
1080 3121 1106 3172 in
1120 3122 1308 3190 antiquissimo
1321 3123 1455 3190 reperisse

309 3191 419 3244 ‘lexico
443 3193 481 3244 ait
509 3192 600 3244 locum
629 3191 667 3244 ita
693 3192 830 3260 prolatum
854 3194 910 3244 Aut
934 3192 1040 3259 pinguis
1064 3192 1179 3246 umber.’
1216 3192 1326 3258 Pinguis
1352 3193 1456 3247 Glossoe

310 3265 448 3315 Vaticanae
470 3265 497 3315 in
518 3263 588 3314 Maii
611 3260 694 3315 Closs.
719 3266 799 3315 Auct.
819 3264 876 3316 VII.
902 3277 953 3327 574
975 3281 1038 3330 quos
1061 3275 1158 3316 secutus
1184 3263 1215 3316 G.
1241 3263 1334 3316 Loewe
1357 3267 1455 3318 coniecit

309 3347 414 3386 crassus
520 3330 606 3385 fartus
619 3333 771 3386 Bolthozar
783 3335 901 3399 Venator,
909 3333 1006 3402 Haupt.
1103 3341 1195 3401 pastus
1207 3332 1248 3387 uel
1257 3332 1344 3386 fartus
1357 3335 1455 3387 Vossius

309 3408 401 3472 pastus
414 3403 567 3472 Duringins
674 3403 814 3456 obessush
927 3404 1187 3457 ettruseusBLa¹O
1292 3410 1322 3457 et
1334 3407 1457 3458 tuscush

308 3481 484 3528 estruscusa.

349 3560 389 3597 11.
426 3543 569 3596 lanuuinus
582 3545 626 3596 GP
731 3545 855 3598 lanuinus
868 3545 920 3597 DL
1034 3545 1260 3599 lamiuinusBm.
1268 3558 1296 3615 p.
1311 3543 1388 3599 GLo¹
1401 3545 1459 3616 (sed

304 3625 451 3686 potestesse
462 3613 620 3684 lanuuinus)
632 3612 685 3668 La²
696 3617 875 3685 Phillippensls
887 3629 910 3668 et
923 3615 947 3669 0
959 3617 1009 3668 nisi
1021 3635 1061 3668 me
1073 3614 1244 3682 oculisollum
1334 3615 1458 3670 lanniuus

311 3689 339 3738 A
462 3684 636 3739 lanuunusH
756 3685 911 3739 flaminush
1038 3685 1171 3738 flaminius
1183 3706 1269 3755 marg.
1282 3686 1458 3758 Philippensis

310 3755 450 3809 Lanuinus
467 3757 507 3808 bic
525 3755 654 3826 legendum
673 3769 751 3810 censet
770 3757 802 3807 L.
816 3756 954 3810 Muellerus
973 3757 1002 3809 de
1020 3757 1056 3810 Re
1068 3757 1180 3810 Metrico
1193 3769 1222 3826 p.
1237 3773 1296 3822 252,
1314 3760 1348 3824 cf.
1369 3759 1457 3826 Simp-

312 3828 386 3879 uium
399 3829 455 3881 Iun.
470 3828 512 3881 Vl.
528 3844 559 3892 34
565 3845 587 3892 3,
607 3828 673 3880 Non.
703 3866 710 3879 .
725 3844 784 3892 544,
797 3829 915 3900 marmio
935 3829 1009 3896 Verg.
1024 3828 1088 3880 Aen.
1102 3829 1161 3880 VII.
1175 3842 1235 3892 750,
1248 3828 1372 3880 lanuinus
1390 3831 1460 3898 apud

312 3899 460 3950 Frontonem
473 3895 519 3966 (p.
541 3915 569 3962 31
591 3841 703 3964 Naberi,
713 3898 831 3963 sortasse
848 3900 926 3952 etiam
938 3900 965 3950 in
978 3898 1063 3951 Naeui
1080 3899 1192 3951 uersibus
1210 3899 1281 3968 apud
1297 3900 1458 3954 Macrobium

312 3969 363 4019 ΙΙΙ.
381 3972 423 4020 18.
435 3970 450 4018 6
522 3984 587 4022 acer
599 3969 643 4020 Hh
654 3968 840 4038 Phillippensis.

350 4055 390 4102 13.
427 4038 639 4105 traspadanusli
790 4045 821 4090 ut
835 4039 967 4092 DPabedh
978 4040 1155 4108 Pbillippensis
1334 4038 1459 4096 Autcett.

311 4108 432 4174 otingam
443 4111 471 4162 C.

311 4249 320 4300 l
350 4195 390 4243 14.
427 4180 473 4248 qui
486 4179 563 4234 iubet
575 4178 653 4234 ΗΜ1
734 4181 781 4248 qul
794 4199 843 4233 om.
857 4181 908 4234 BV
982 4180 1055 4248 plter
1069 4175 1119 4232 Lo¹
1201 4179 1305 4248 pariter
1317 4179 1462 4236 numa

321 4249 408 4301 auerit
421 4270 447 4303 a.

350 4335 391 4383 15.
426 4326 484 4372 tam
496 4321 553 4372 ΛΗ
622 4337 707 4390 usque
720 4337 835 4389 usqueo
907 4336 994 4390 usque
1007 4317 1107 4390 5380.

351 4391 392 4442 16.
427 4392 513 4443 Extat
531 4394 557 4444 in
576 4394 715 4462 compendio
733 4392 871 4446 moralium
884 4391 1032 4446 notabilium
1045 4392 1190 4445 Hieremiae
1206 4393 1299 4445 Iudicis
1312 4393 1342 4446 de
1354 4394 1463 4448 Monta-

307 4478 398 4528 gmm,
411 4462 488 4514 Part.
500 4463 547 4514 iiii.
561 4462 609 4514 Lib
622 4464 666 4528 IV,
678 4462 759 4515 Rubr.
774 4468 788 4514 8
800 4464 839 4515 ed.
854 4465 911 4517 Ven.
924 4479 1000 4527 1505,
1016 4461 1169 4515 Risu-est.
1201 4463 1261 4515 Vide
1272 4464 1463 4533 Prolegomeno.

309 4529 364 4580 risu
378 4529 472 4598 inepto
485 4546 529 4584 res
542 4531 636 4600 inepto
649 4549 693 4586 res
706 4534 825 4601 ineptior
837 4534 866 4584 H
949 4534 1007 4586 risti
1021 4546 1048 4586 ut
1060 4533 1159 4586 uidetur
1171 4532 1203 4586 0.
