2872 5002
583 112 845 180 CATVLLI

311 300 460 364 Defessi?
504 301 643 366 ‘Mane’
665 303 774 384 inquii
793 302 933 384 puellae,

203 418 227 489 β
271 411 385 479 ‘Istud
408 413 499 494 quod
523 414 624 478 modo
646 414 798 479 dixeram
821 433 876 477 me
898 413 1030 490 habere,

311 525 412 607 Fugit
435 526 614 591 metatio:
646 546 740 590 meus
762 526 887 591 sodalis

313 635 421 700 Cinna
442 644 494 700 est
516 635 629 716 Gaius,
653 636 680 700 is
702 637 764 700 sibi
787 636 925 718 parauit.

205 816 224 868 γ
267 789 402 866 Verum,
425 798 536 853 utrum
559 789 646 853 illius
667 810 710 854 an
733 789 808 868 mei,
828 788 908 871 quid
931 787 978 853 ad
998 786 1075 853 me?
1098 779 1103 787 ’

310 901 397 964 Vtor
416 910 486 964 tam
508 902 593 965 bene
615 921 715 983 quam
737 901 817 964 mihi
839 901 993 985 paratim.
1111 883 1113 888 ¹

313 1011 381 1075 Sed
403 1020 439 1075 tu
463 1012 585 1076 insulsa
607 1009 754 1076 maleae
776 1011 916 1075 molesta
939 1010 1033 1088 uiuis,

313 1120 374 1185 Per
395 1142 495 1203 quam
519 1123 681 1186 nonlicet
703 1143 774 1186 esse
796 1120 1040 1204 negligentem?

684 1361 746 1424 XI.

313 1513 406 1577 FVRI
430 1523 463 1578 et
485 1513 611 1592 Aureli,
634 1514 770 1578 comites
793 1511 923 1590 catulli,

258 1721 280 1753 nl.
290 1720 358 1755 delum

178 1780 219 1828 27.
256 1764 365 1820 Deserti
384 1765 433 1817 GB
493 1764 604 1818 Deserti
617 1761 692 1818 Lu¹0
756 1763 904 1818 Deferreu
966 1762 1078 1818 Defessi
1091 1775 1148 1818 cess.
1212 1781 1288 1821 mans

137 1847 180 1885 sne
200 1838 290 1888 codices
338 1835 450 1887 minime
460 1836 523 1888 Ald.
535 1838 557 1888 1.
569 1837 666 1904 Haupt.
720 1835 758 1887 mi
770 1836 861 1888 anime
874 1836 1000 1905 Bergkius
1012 1835 1107 1888 philol.
1119 1835 1187 1887 ΧΗ.
1191 1846 1221 1903 p.
1232 1837 1291 1900 581,

141 1907 174 1972 (s.
187 1907 277 1959 Plaul.
291 1906 411 1958 Bacchid.
425 1908 447 1958 1.
464 1922 486 1971 1,
501 1921 534 1969 50
600 1920 680 1958 mane
695 1907 826 1959 Guarinus
839 1907 937 1959 Statius
950 1905 1017 1960 Scal.
1029 1905 1143 1959 Nubbs'us
1159 1906 1189 1958 de
1201 1905 1293 1958 lusus

141 1975 238 2029 Catulli
250 1977 324 2029 Fasc.
338 1978 374 2027 11.
382 1987 412 2044 p.
429 1990 458 2038 17
478 1976 631 2030 Schwabius
686 1991 732 2029 me
743 1988 790 2029 aus
806 1997 838 2029 ess
851 1980 956 2045 repetitu
975 1974 1075 2042 syllaba
1093 1990 1130 2028 ne
1148 1978 1175 2029 in
1195 1987 1293 2029 lexim

141 2047 241 2100 uidetur
248 2045 357 2112 illatum,
366 2049 400 2113 cf.
408 2047 528 2099 LXXII.
537 2049 562 2111 ⁶,
570 2058 594 2099 et
602 2046 632 2098 de
639 2061 675 2112 m,
685 2062 703 2098 n
711 2048 820 2114 confluis
828 2045 1081 2114 uideatuegom
1089 2057 1137 2100 aul
1145 2056 1295 2113 exsequiale

140 2137 215 2170 uersu
227 2120 388 2184 sulfureum
398 2119 595 2186 supcrscripsum
607 2127 673 2181 eras,
686 2119 719 2184 cs.
732 2118 830 2170 LXVI.
844 2119 887 2181 56.
936 2116 1077 2185 ἰυᾳυίἀθ,
1114 2118 1205 2188 inquit
1220 2115 1294 2169 ceseii

138 2185 1294 2325 11111111111111113111111.11...1111

131 2331 219 2396 fuisse
227 2332 253 2381 in
263 2340 358 2382 uetusto
366 2330 456 2381 codice:
468 2327 531 2380 uude
539 2328 721 2381 Luchmaunus
730 2338 755 2380 et
763 2329 892 2398 Haupls’us
899 2330 1011 2397 spatium
1020 2328 1095 2381 unius
1104 2329 1294 2391 uersusfecen.

141 2401 191 2452 Sed
200 2402 226 2451 in
238 2398 307 2453 nullo
319 2399 398 2452 codice
409 2419 441 2452 ex
453 2400 485 2450 is's
497 2400 539 2466 qui
551 2417 615 2451 nuuc
626 2409 716 2450 extans
728 2399 870 2451 huiusmodi
885 2400 1012 2452 inuenitur
1023 2397 1135 2450 lacum:
1249 2399 1255 2410 ‘
1281 2415 1295 2448 e

141 2469 208 2523 locus
217 2473 350 2537 quicquam
362 2470 496 2522 desiderat.
534 2468 575 2536 Cf.
585 2468 636 2521 cic.
647 2469 705 2521 All.
716 2471 752 2522 ΙΙ.
763 2485 788 2534 9,
801 2467 899 2519 ‘illum
911 2483 980 2521 uero
991 2468 1039 2562 qui
1051 2415 1295 2521 nondumwffiitm

142 2541 209 2606 ‘est,
223 2540 261 2592 sic
274 2539 357 2591 uelim
370 2546 449 2607 putes
462 2537 528 2590 nihil
540 2539 593 2591 hoc
606 2538 672 2591 mihi
685 2553 765 2607 posse
777 2553 836 2591 esse
849 2537 1000 2591 iucundius.

180 2614 223 2662 18.
278 2608 354 2661 uida
425 2624 481 2660 non
489 2621 539 2677 pro
550 2609 665 2670 modofflh
735 2624 780 2661 me
793 2627 842 2661 om.
854 2605 890 2661 h’.

179 2696 220 2744 30.
258 2625 348 2730 guma
371 2677 630 2732 ABCDGHLLa¹V
647 2675 727 2732 abh’b
810 2678 900 2731 Cinna
923 2679 947 2731 0
1026 2676 1117 2744 grauis
1141 2676 1295 2730 ABCDGH

143 2745 353 2802 LLa¹0Vubch¹
416 2748 497 2800 Caius
508 2750 546 2802 ed.
558 2751 651 2802 Pam.
664 2763 730 2814 1473
797 2749 881 2802 Gaius
894 2749 1077 2804 Lachmannus
1144 2748 1249 2800 Gauius
1261 2747 1301 2799 0.-

141 2819 288 2872 Ribbeckius
308 2821 334 2871 in
356 2819 504 2872 Fleckeisens'
530 2818 627 2872 Annal.
651 2822 717 2871 1861
738 2823 766 2872 ‘L
787 2822 809 2872 1.
825 2831 854 2889 p.
877 2823 927 2884 378
999 2819 1048 2872 Sed
1063 2817 1154 2886 grauis
1172 2836 1204 2871 ess
1221 2817 1295 2888 301113

137 2893 221 2959 patius
235 2900 379 2957 corruptum
387 2900 457 2958 pulo.

181 2977 222 3024 31.
259 2959 355 3011 Virum
363 2965 547 3028 proutruma
599 2958 634 3011 ad
647 2974 691 3011 me
702 2960 785 3013 Duhd
833 2982 907 3019 ame
926 2971 982 3013 cess.
1033 2959 1131 3012 Seruius
1143 2960 1295 3028 Augurinus

141 3043 185 3100 ap.
197 3029 309 3083 Plinium
322 3031 405 3098 Epist.
419 3032 462 3082 IV.
477 3045 520 3095 17,
532 3029 641 3083 ‘Canto
654 3030 774 3082 carmina
790 3029 915 3082 uersibus
926 3029 1039 3082 minutis
1051 3028 1105 3082 His
1117 3029 1183 3082 oiim
1196 3029 1294 3096 quibus

142 3099 576 3223 ι1111111111501111111131101111101
592 3105 763 3168 ueterusque.
801 3100 855 3153 Sed
871 3099 937 3168 quid
953 3099 988 3152 ad
1000 3102 1064 3154 mel
1101 3098 1178 3152 Vnus
1191 3097 1293 3151 Plinius

142 3174 151 3203 ‘
191 3171 280 3223 tmii
312 3171 415 3223 riores!

161 3187 223 3307 es32.
260 3185 376 3293 1111011
463 3240 580 3362 futatim
598 3236 627 3293 1³²
717 3246 841 3309 paratum
861 3242 889 3294 D
977 3253 1114 3308 parassem
1132 3239 1295 3294 Casaubm

142 3314 244 3381 paratis
264 3313 361 3365 Statius
385 3311 481 3363 Froeh.
500 3312 545 3364 sed
563 3314 597 3379 cf.
619 3311 704 3363 Tlxoc.
720 3313 781 3364 Eid.
805 3312 857 3364 XI.
882 3316 912 3362 81
937 3308 1000 3380 ρἃν
1023 3310 1053 3363 δὲ
1077 3296 1144 3380 uby·
1162 3311 1177 3378 ἦ
1196 3312 1296 3380 χρυσὸν

141 3384 229 3437 ἔδωκε.

181 3471 222 3519 33.
259 3458 291 3505 tu
309 3472 359 3505 om.
379 3453 404 3503 V
470 3457 501 3503 tu
520 3451 655 3503 insulsah
724 3451 837 3504 tulsaO
907 3456 939 3503 tu
957 3449 1043 3503 insula
1061 3461 1118 3504 cm.
1189 3450 1261 3503 mala
1277 3470 1296 3504 a

143 3530 172 3577 et
199 3520 399 3577 ACGHLLa¹0
425 3518 454 3573 h²
554 3521 605 3574 hac
631 3522 661 3572 D
763 3537 795 3575 ac
820 3523 857 3575 ad
881 3522 1062 3575 Lachmannus
1086 3521 1182 3590 Haupt.
1207 3521 1296 3574 Rossb.

143 3595 258 3647 moleste
277 3592 358 3645 ΙΝ
432 3592 525 3657 inuisa,
544 3593 614 3644 male
634 3593 733 3644 Vossius
811 3592 919 3657 insulsa,
943 3591 1014 3644 mala
1031 3591 1162 3646 Guarinus
1179 3591 1296 3644 isandus

138 3678 168 3734 p.
183 3679 214 3729 57
312 3662 392 3714 nimis
410 3663 524 3714 molesta
542 3677 572 3715 es
589 3665 650 3716 coni.
669 3665 784 3716 Paccius.
822 3664 871 3716 Sed
887 3662 921 3729 cs.
940 3663 1028 3716 Plaut.
1048 3660 1143 3714 Bacch.
1161 3662 1206 3715 IV.
1228 3678 1252 3728 3,
1273 3678 1296 3729 3,

143 3738 151 3764 ‘
164 3732 318 3787 Inamabilis
330 3733 454 3801 illepidus
466 3733 548 3786 uiuo!

176 3892 228 3944 ΑΙ)
251 3892 398 3948 FVRIVM
421 3894 470 3950 ET
492 3896 693 3950 AVRELIVM
721 3886 972 3944 ABGHLLa¹La²h
1074 3888 1117 3941 Ad
1137 3886 1252 3943 furium
1270 3893 1300 3941 et

144 3960 294 4020 Aurellium
312 3957 342 4011 h2
441 3959 485 4013 Ad
505 3959 617 4015 Furium
636 3960 777 4013 Aurelium
795 3963 824 4013 D
915 3960 959 4013 Ad
979 3959 1091 4012 Furium
1109 3964 1139 4011 et
1156 3959 1299 4015 Aurelium

144 4031 211 4100 quid
223 4030 328 4099 puellae
340 4031 460 4084 nuntiari
472 4032 540 4084 uelit
551 4052 578 4086 a.
603 4033 717 4101 Spatium
730 4034 802 4087 unius
816 4051 902 4086 uersus
915 4034 941 4086 in
954 4031 1016 4084 OV:
1033 4032 1077 4083 sed
1087 4029 1111 4082 0
1118 4031 1203 4097 primo
1216 4032 1300 4083 uersus'

143 4101 404 4172 ascrs'plum=habet.

183 4191 206 4226 1.
245 4171 308 4224 Fosi
321 4170 349 4224 ls²
420 4173 502 4227 catuli
515 4171 574 4227 La¹.
