2872 5002
406 341 639 402 CARMINVM
668 341 859 401 CATVLLI.
1148 346 1207 403 22⁷

47 509 159 568 idcirco
187 508 353 567 Porsonum
381 519 518 584 putemus
546 507 618 566 nihil
651 508 811 584 reperisse?
866 507 1003 567 Poterant
1030 509 1118 568 etiam
1152 507 1209 568 alia

48 606 145 665 latere.
190 605 271 679 Quid
299 615 397 665 autem
423 605 534 665 facilius
560 623 649 683 quam
674 606 859 682 partitionem
887 605 1043 683 neglegere
1070 623 1209 666 uersuum

50 705 102 783 qui
124 721 185 763 non
207 704 325 764 mutatis
344 705 484 776 numeris,
499 704 552 763 sed
566 704 630 763 sola
650 703 793 763 sententia
814 703 1076 780 distinguerentur?
1119 703 1209 762 Tales

50 802 163 862 multos
177 801 267 862 luisse
287 803 336 862 uix
358 803 496 879 cuiquam
515 800 604 861 credo
625 800 745 861 dubium
767 801 829 862 sore
849 803 899 880 qui
920 802 1048 880 perlecto
1069 801 1209 878 Hephae-

51 902 150 960 stione
170 901 208 959 ad
230 901 402 978 Lyricomm
427 899 590 977 fragmenta
615 917 647 958 se
673 898 1012 980 contuleritQQuorum
1036 910 1116 959 tanta
1140 918 1209 978 pars

53 1001 189 1059 uersibus
214 1001 360 1073 ἰσομέτροις
384 1000 491 1075 scripta
512 1008 556 1057 est
577 1007 686 1075 quanta
707 997 833 1073 strophis
855 999 978 1058 omnino
999 999 1126 1059 caruisse
1147 1015 1209 1057 non

53 1099 187 1158 uincitur.

98 1196 144 1254 Ex
162 1197 240 1255 libris
262 1195 397 1272 Sapphus
418 1212 493 1253 unus
515 1202 587 1253 teste
610 1192 712 1253 Seruio
727 1193 765 1253 ad
780 1192 889 1271 Georg.
903 1195 926 1255 1.
943 1215 978 1271 31
996 1195 1151 1272 inscriptus
1165 1202 1210 1253 est

49 1293 260 1371 ‘Epithalamia
313 1291 411 1376 Huius
433 1309 495 1351 non
519 1310 614 1368 pauca
642 1301 799 1368 supersunt
826 1292 997 1370 fragmenta,
1025 1291 1210 1363 hexametris,

56 1392 244 1463 choriambis,
259 1392 372 1462 iambis,
394 1389 455 1449 aliis
476 1390 575 1448 metris
596 1390 768 1466 conscripta.
813 1389 931 1450 Homm
952 1391 1063 1451 nulium
1084 1389 1210 1467 strophis

56 1492 185 1549 caruisse
199 1489 246 1548 uel
261 1499 338 1548 certe
351 1493 500 1563 περικοπαῐς
517 1488 576 1546 suis
598 1486 734 1546 credibile
749 1497 809 1547 est:
833 1486 1013 1566 Hymenaeis
1026 1490 1114 1560 enim,
1128 1487 1211 1565 quod

56 1604 153 1663 genus
177 1588 338 1646 carminum
361 1604 379 1644 a
400 1585 498 1644 multis
523 1583 651 1662 siquod
676 1583 753 1643 aliud
777 1585 929 1645 recitatum
956 1597 1001 1647 est
1028 1587 1121 1662 iisque
1149 1602 1212 1644 non

57 1701 178 1761 semper
201 1684 231 1742 in
256 1684 361 1742 eodem
381 1683 449 1742 loco
473 1682 626 1753 stantibus,
649 1699 725 1759 opus
746 1693 807 1741 erat
827 1685 983 1759 partitione
1004 1685 1132 1762 quadarn
1153 1700 1212 1759 qua

58 1781 264 1841 alternantium
279 1792 377 1841 motus
391 1781 438 1840 uel
452 1780 700 1858 progredientium
715 1790 881 1857 regerentur
889 1781 907 1840 ¹.
940 1781 1028 1842 Vnde
1043 1801 1105 1842 non
1120 1767 1212 1840 Grae·

58 1897 163 1938 corum
187 1890 298 1939 tantum
324 1880 463 1957 nuptialia
487 1880 617 1938 carmina
640 1897 694 1936 nec
716 1878 870 1955 lyricorum
893 1888 1004 1938 tantum
1026 1882 1057 1938 in
1078 1879 1212 1957 strophas

59 1986 129 2036 sunt
143 1977 252 2048 diuisa;
275 1977 327 2037 sed
341 1991 371 2036 et
385 1976 534 2036 Theocriti
549 1975 678 2035 Helenes
699 1975 925 2052 Epithalamium
939 1977 1020 2054 quod
1039 1977 1213 2037 hexametris

59 2075 201 2152 scripturn
221 2086 274 2149 est,
288 2087 317 2134 et
335 2074 442 2134 Catulli
456 2094 481 2134 c.
497 2073 576 2145 LXI,
592 2073 679 2133 LXII
697 2092 821 2151 quorum
842 2075 921 2152 prius
942 2076 1100 2153 glyconeis,
1115 2084 1213 2152 poste-

59 2174 121 2232 rius
145 2172 321 2233 hexametris
343 2173 519 2250 composuit,
542 2182 572 2231 et
594 2172 724 2231 Senecae
747 2170 938 2249 Hymenaeus
958 2173 989 2232 in
1012 2173 1120 2232 Medea
1141 2170 1214 2251 (56-

64 2267 135 2347 115)
161 2280 190 2331 et
215 2270 368 2332 Claudiani
392 2290 494 2330 uersus
522 2270 665 2348 nuptiales
693 2280 755 2328 rata
779 2270 907 2349 quadam
934 2270 1136 2331 distributione
1163 2288 1214 2330 co·

60 2379 178 2446 guntur.
220 2369 323 2447 ltaque
339 2368 476 2446 Sapphus
490 2369 561 2428 liber
574 2378 606 2427 ut
620 2367 710 2427 multa
724 2368 862 2445 amplecti
880 2371 975 2446 potuit
995 2371 1064 2447 ipsis
1086 2369 1214 2427 numeris

60 2468 91 2525 in
112 2475 210 2543 partes
230 2484 298 2526 suas
318 2466 459 2539 ordinata,
474 2466 514 2525 ita
528 2468 652 2540 ῖσόμιτρα
673 2465 818 2542 quaedam
839 2467 952 2526 uidetur
972 2467 1118 2537 habuisse,
1137 2484 1213 2543 quae

61 2582 100 2623 ne
114 2565 179 2640 ipsa
193 2565 311 2641 quidem
326 2565 388 2622 siue
403 2564 528 2641 strophis
542 2565 680 2623 carebant
694 2565 756 2622 siue
770 2574 848 2624 certa
865 2565 1065 2642 aequabilitate
1079 2565 1213 2643 partium.

62 2662 227 2722 Coniectati
240 2673 307 2721 sunt
320 2662 378 2721 hoc
393 2662 429 2721 de
444 2663 619 2720 hexametris
635 2663 698 2720 eius
711 2660 835 2739 (Sapph.
850 2661 882 2722 fr.
898 2681 946 2738 92,
960 2682 1010 2742 93,
1027 2683 1074 2740 94,
1090 2661 1141 2744 95)
1155 2662 1215 2722 iarn

63 2759 264 2821 Rossbachius
277 2769 306 2819 et
320 2758 517 2836 Westphalius
526 2755 553 2830 ²;
576 2758 630 2818 sed
645 2758 723 2818 idem
737 2759 822 2820 latius
836 2763 964 2837 patuisse
977 2763 1107 2823 arbitror.

260 2895 357 2962 Ὀλβιε
376 2898 477 2970 γάμβρε
499 2897 543 2952 σοὶ
562 2896 609 2966 μὲν
629 2896 660 2965 δὴ
680 2899 769 2970 γάμος,
791 2898 824 2955 ὡς
845 2899 918 2972 ὅραο,
1133 2973 1136 2977 ,

266 2992 432 3058 enahim:
453 2994 521 3064 ἔχεις
541 2993 569 3048 δι’
589 2993 715 3066 πάρθενον
734 2993 766 3050 dv
778 2995 850 3069 ὅραο.
935 2995 967 3054 fr.
984 3014 1031 3071 99.

63 3127 105 3185 Hi
126 3145 228 3186 uersus
248 3127 468 3205 quodammodo
490 3127 640 3203 stropham
662 3127 709 3186 uel
729 3130 868 3203 περιωπήν
888 3130 1024 3204 efficiunt,
1047 3145 1216 3210 quanquam

62 3244 125 3286 non
139 3243 218 3302 nego
232 3244 300 3285 cum
314 3225 376 3285 aliis
391 3243 443 3285 eos
457 3225 596 3300 coniungi
611 3227 740 3300 potuisse
754 3227 804 3304 qui
823 3227 956 3289 dissimili
976 3240 1069 3289 metro
1090 3229 1216 3290 confecti

61 3333 169 3382 essent.
210 3321 351 3382 Eiusdem
365 3323 482 3400 generis
496 3333 564 3381 sunt

266 3461 312 3535 τίφ
334 3459 369 3529 o',
390 3458 411 3514 ὃ
430 3460 495 3529 φίλε
515 3460 626 3532 γάμβρι,
648 3461 732 3516 κάλως
752 3459 879 3524 Γικάσδω

267 3559 358 3630 Spartam
378 3559 492 3633 βραδίνφ
506 3579 538 3612 σε
552 3551 659 3627 μάλιστ’
680 3556 797 3613 ε’ῖκᾶσδω.
879 3555 973 3636 (104).

62 3690 143 3749 Nihil
159 3691 226 3750 dico
241 3692 278 3751 de
292 3693 393 3752 Alcaei
411 3692 590 3768 fragmentis,
607 3690 661 3751 sed
682 3691 892 3769 huncquoque
913 3694 1063 3767 ἶσομίτρουε
1083 3693 1217 3770 strophas

62 3789 214 3864 scripsisse
228 3807 265 3847 ex
279 3787 382 3864 fragm.
400 3803 447 3865 37,
464 3808 511 3864 39,
528 3806 577 3860 41,
592 3792 630 3862 84
646 3789 814 3848 uerisimile
831 3800 883 3849 est.
926 3789 1011 3849 Haec
1025 3791 1102 3849 enim
1118 3793 1218 3850 omnia

61 3886 236 3944 tetrametris
261 3886 456 3962 antispasticis
480 3884 657 3964 (Hephaest.
679 3883 731 3964 66)
757 3888 878 3963 scripsit,
898 3906 958 3964 quo
978 3899 1072 3947 metro
1096 3887 1217 3966 Sappho

60 3983 125 4041 sola
140 4002 193 4042 usa
208 3993 252 4042 est
266 3985 296 4040 in
311 3983 384 4043 libro
400 3984 491 4044 tertio.
535 3983 621 4055 Quae
641 3984 664 4045 si
686 3987 749 4042 κατὰ
769 3985 816 4041 δύο
836 3984 920 4044 huius
935 3985 997 4043 libri
1011 3988 1140 4046 carmina
1160 3986 1217 4046 dis-

59 4080 187 4156 pertisse
201 4081 327 4140 creditur
341 4082 379 4139 ab
400 4080 632 4159 Hephaestione,
648 4099 710 4140 non
731 4082 828 4139 minus
848 4082 915 4141 artis
936 4081 1079 4143 Alcaeum
1099 4102 1218 4164 quoque

61 4175 232 4237 adhibuisse
247 4177 375 4236 arbitror.

307 4356 315 4386 ¹
333 4357 372 4407 Cf.
384 4358 514 4420 Weatphal.
527 4359 622 4408 Catull'a
633 4359 749 4409 Gedichte
760 4359 876 4406 iibersetzt
886 4372 910 4420 p.
926 4370 981 4419 231.

304 4437 314 4467 ¹
331 4439 428 4490 Grieeh.
443 4440 533 4490 Metrilr
546 4442 575 4490 ll.
588 4457 610 4504 p.
623 4451 661 4504 27.

619 4544 668 4592 Q2
